1849 2845
684 191 879 223 ECLOGA
908 193 972 223 IV.
998 200 1076 231 1-74

184 295 408 344 quaesitum
433 295 585 332 interea
609 294 726 331 nidos
750 305 890 331 nemus
915 306 1032 332 omne
1058 299 1249 342 pererrat.

185 350 307 387 corda
328 351 433 388 subit
454 352 580 399 virgo,
603 349 753 387 dilecta
773 351 970 399 recogitat
991 362 1073 396 ora,

184 419 264 452 ora,
291 408 400 445 sinus
425 413 462 443 et
486 418 587 456 quae
611 405 693 443 fari
716 405 848 454 pudor
862 418 873 454 3
901 407 1036 443 omnia
1058 406 1196 443 volvit.

184 463 255 499 lux
281 462 390 512 fugit
415 463 568 500 interea
579 474 590 511 3
620 462 733 510 capri
757 461 863 499 redit
887 462 1106 499 immemor.
1167 462 1251 499 alta

184 525 299 556 nocte
325 518 556 556 recordatus
582 519 722 567 surgit,
750 517 1000 567 pavidusque
1026 530 1097 567 per
1121 518 1284 556 umbras

183 575 279 612 dum
305 574 499 624 graditur,
524 575 605 612 ruit
627 575 668 611 in
692 573 855 612 foveam
879 586 981 623 quae
1005 573 1153 612 fronde
1178 574 1336 623 saligna

184 631 394 679 captandis
420 630 594 668 obducta
617 630 716 667 feris
739 635 778 667 et
801 631 991 667 stramine
1017 631 1121 668 sicco

183 688 310 724 instar
333 693 417 724 erat
441 687 553 736 putei
578 686 709 724 fundo
734 686 998 724 irremeabilis
1022 686 1118 724 alto.

184 749 240 780 est
262 754 381 791 caper
401 744 442 779 in
464 743 619 788 vinclis,
642 754 742 791 puer
762 748 820 779 est
840 743 882 779 in
903 754 1072 788 carcere,
1094 748 1232 791 pastor

183 799 320 836 nullus
343 811 434 836 oves
459 806 582 836 curat.
644 800 723 835 iam
747 799 865 836 tertia
888 799 1047 835 luxerat
1071 799 1172 836 hora
1184 811 1194 846 3

182 856 316 901 miror,
341 867 433 893 oves
456 867 584 893 resero
609 867 655 892 ac
678 867 843 892 numero
866 866 1111 904 caprumque
1134 855 1340 903 requirens

181 911 373 959 obstupeo
390 924 399 958 ;
424 923 592 959 puerum
614 911 756 956 clamo,
780 911 958 959 magalia
980 911 1118 949 lustro.

182 979 276 1004 vera
298 967 463 1016 loquar:
494 968 661 1016 magicis
685 979 735 1004 ne
760 966 867 1004 forte
892 967 1115 1016 liquoribus
1139 973 1282 1004 unctus

183 1024 349 1060 extimui
372 1035 532 1061 ascenso
555 1024 766 1072 migrasset
789 1024 830 1060 in
853 1025 946 1060 aera
968 1035 1101 1071 capro.

183 1091 354 1128 namque
379 1080 522 1128 striges
548 1079 621 1116 tali
648 1078 761 1116 fama
787 1085 844 1116 est
869 1091 944 1127 ope
969 1085 1087 1117 nocte
1112 1085 1305 1128 vagantes

181 1135 233 1172 ad
255 1135 451 1185 quaedam
475 1135 699 1185 longinqua
719 1136 860 1184 procul
883 1136 1068 1172 convivia
1091 1135 1201 1172 ferri.

182 1192 375 1229 attonitus
399 1191 562 1228 tandem
584 1191 757 1240 pecudes
780 1192 832 1228 ad
854 1203 1005 1240 pascua
1027 1191 1142 1228 duco.

181 1247 356 1297 dumque
378 1247 527 1296 pedum
548 1248 748 1286 meditans
770 1248 891 1285 subeo
913 1260 1063 1293 nemus,
1089 1259 1177 1284 ecce
1201 1260 1271 1296 per
1295 1247 1467 1292 umbras,

182 1315 271 1340 ecce
296 1304 438 1352 procul
465 1315 585 1352 caper
610 1305 651 1340 in
678 1304 810 1341 dumis
839 1304 980 1352 strepit
1007 1310 1127 1353 atque
1153 1304 1355 1341 reluctans

182 1360 369 1398 cornibus
395 1360 572 1396 adversis
601 1366 740 1398 contra
766 1372 838 1397 sua
862 1359 1027 1397 vincula
1051 1365 1219 1409 pugnat.

183 1417 324 1453 terruit
349 1417 555 1453 incautum
582 1416 713 1454 subito
741 1415 881 1453 feralis
908 1417 1040 1465 imago

182 1479 219 1509 et
241 1472 300 1508 nil
325 1472 405 1509 tale
429 1478 561 1509 ratum
574 1484 585 1519 3
614 1472 773 1510 firmato
799 1478 959 1520 pectore
984 1472 1147 1509 tandem

181 1540 301 1566 nosco
324 1528 474 1565 animal
499 1528 736 1578 subiensque
758 1529 878 1566 rubos
902 1540 990 1566 seco
1012 1528 1177 1565 vincula
1201 1540 1336 1565 runca.

182 1597 266 1622 sero
293 1585 457 1622 domum
483 1585 640 1621 rediens
663 1584 780 1622 video
807 1596 877 1633 per
904 1596 1054 1633 pascua
1078 1585 1198 1633 longe

183 1641 340 1678 turbam
365 1641 632 1678 exsultantem
658 1641 741 1678 risu
767 1641 995 1677 iuveniliter
1021 1640 1116 1679 alto.

182 1703 224 1733 ut
250 1708 375 1745 prope
400 1697 651 1734 constitimus
676 1709 817 1746 meque
842 1708 1052 1745 agnovere,
1080 1696 1258 1734 salutant

182 1758 219 1789 et
242 1752 250 1767 ‘
268 1759 359 1790 tuus
380 1752 494 1799 ecce,’
519 1753 643 1799 aiunt,
670 1752 794 1801 ‘puer
815 1753 893 1799 hic,
917 1765 939 1790 o
963 1753 1100 1798 Ianne,
1124 1753 1312 1801 luporum

181 1815 316 1846 erutus
338 1821 359 1846 e
382 1808 522 1846 foveis.
583 1809 679 1846 dum
704 1815 820 1846 nocte
844 1809 1099 1858 perambulat
1124 1821 1252 1857 agro&

182 1865 324 1902 incidit
346 1866 387 1901 in
410 1864 562 1902 casses.’
623 1871 660 1901 et
684 1866 739 1901 sic
762 1866 948 1902 inventus
970 1871 1149 1914 uterque,

182 1926 219 1958 et
241 1933 361 1969 caper
383 1927 421 1958 et
444 1927 592 1969 pastor.
653 1933 772 1969 caper
795 1921 893 1958 haec
918 1921 1173 1959 incommoda
1198 1933 1335 1970 passus

182 1977 346 2026 languet
369 1977 525 2024 adhuc3
551 1989 649 2025 puer
672 1977 907 2026 imprudens
929 1978 1107 2015 insanior
1131 1977 1243 2014 hirco
1267 1983 1336 2014 est.

182 2034 295 2082 virgo
317 2033 538 2081 superbivit
558 2045 664 2078 mox,
686 2039 730 2070 ut
753 2045 792 2070 se
813 2033 969 2070 audivit
990 2034 1128 2077 amari,

182 2095 218 2126 et
244 2090 358 2137 pueri
383 2089 578 2127 simulans
603 2101 740 2126 curam
766 2090 951 2138 ignorare
977 2089 1171 2138 pudorem

182 2145 311 2194 fingit,
335 2151 380 2182 ut
403 2145 454 2182 ad
480 2145 655 2183 formam
680 2145 806 2182 faciat
830 2145 972 2194 pudor.
1033 2158 1103 2183 ora
1126 2146 1336 2194 sinumque

182 2207 299 2239 ornat
323 2207 362 2238 et
386 2202 427 2238 in
452 2207 600 2238 terram
624 2202 747 2238 versis
774 2201 925 2238 incedit
950 2202 1089 2238 ocellis

181 2257 333 2295 callida
345 2269 356 2305 3
382 2257 552 2306 vulpina
575 2269 659 2295 rem
682 2257 941 2307 simplicitate
967 2257 1173 2307 gubernat.

183 2314 279 2351 haec
302 2313 446 2359 studia,
473 2314 515 2350 hi
538 2325 677 2359 casses,
703 2314 801 2351 haec
824 2320 916 2351 sunt
940 2314 1175 2351 mulieribus
1200 2326 1321 2350 arma.

183 2369 251 2407 ille
273 2382 345 2408 sua
365 2381 529 2419 sperans
553 2369 726 2407 Galatea
746 2369 965 2419 aliquando
988 2370 1109 2419 potiri

183 2432 411 2474 contempta
434 2425 616 2463 mercede
640 2438 730 2463 suos
755 2432 928 2463 sectatur
954 2438 1118 2464 amores.

182 2487 396 2531 propterea
417 2481 612 2531 plaustro,
638 2483 741 2519 stiva
764 2482 971 2531 bobusque
994 2482 1146 2519 relictis

182 2537 231 2574 ad
256 2538 427 2586 pastoris
450 2549 550 2586 opus
572 2537 715 2586 redeo3
743 2538 920 2575 subiecta
943 2537 1075 2579 furori

1525 194 1573 231 79

1521 632 1573 667 40

1524 1191 1573 1229 50

1522 1753 1572 1788 60
