1798 2784
205 146 277 180 100
603 146 876 179 BAPTISTAE
900 147 1179 182 MANTUANJ

195 252 367 295 occupat
391 252 428 284 et
451 247 578 297 nigris
599 259 714 286 mons
738 248 936 298 plurimus
959 250 1140 289 imminet
1163 251 1294 290 undis.

196 301 274 339 huc
296 303 414 340 tracti
434 303 474 340 in
496 303 658 353 Stygios
678 304 817 342 latices
838 306 1044 356 altumque
1065 307 1301 346 barathrum

196 359 436 407 praecipites
460 359 609 397 dantur
634 361 856 410 rapidaque
879 363 1073 412 voragine
1096 365 1213 401 mersi

197 415 239 450 in
261 413 386 463 Styga
409 421 446 452 et
470 422 651 453 aeternas
678 417 798 454 Erebi
822 418 1035 466 rapiuntur
1058 419 1098 456 in
1121 419 1293 457 umbras.

196 469 274 507 heu
294 477 392 520 quot
413 478 593 520 pastores
614 473 700 509 istis
721 473 957 523 ambagibus
979 476 1059 512 aeti

196 537 287 563 cum
311 527 498 576 gregibus
521 529 673 576 periere
696 529 797 566 suis!
857 541 930 579 ego
953 530 1093 568 sedula
1115 543 1271 580 semper

196 588 374 620 monstro
398 583 495 630 iter;
520 583 586 620 hic
607 584 659 621 ad
681 596 798 633 opem
821 586 948 634 vigilo
971 586 1175 625 indefessa
1197 587 1418 626 ferendam.

196 638 294 675 tolle
314 649 446 676 moras
469 640 603 687 igitur.
624 642 765 678 mortis
786 641 885 691 fuge
905 642 1058 680 blanda
1077 644 1329 693 propinquae

196 695 323 734 atria:
350 696 489 732 secreti
514 702 641 733 tutam
666 703 755 745 pete
778 697 927 735 littoris
948 710 1060 735 oram

196 762 274 799 qua
296 757 436 788 contra
462 751 613 790 Idalios
635 752 778 790 fluctus
798 753 898 790 mihi
919 754 1029 792 tollit
1052 755 1093 791 in
1115 755 1243 793 altum

196 808 289 843 aera
313 806 523 844 Carmelus
545 808 666 845 viridi
691 815 811 857 caput
835 810 976 847 arbore
1000 811 1187 848 cinctum.

196 863 349 910 primus
372 862 437 900 hic
460 865 636 913 antiquis
660 865 841 913 patribus
866 866 1026 914 spelaea
1050 866 1267 917 domosque

196 918 380 966 praebuit
407 919 594 956 arboreas
619 921 726 958 intra
750 932 890 958 nemus
916 921 1006 974 ilice
1032 923 1211 975 densum.
1255 935 1285 948 >·

196 986 245 1010 ex
269 974 344 1011 hoc
369 975 410 1011 in
433 982 585 1013 vestros
608 976 783 1014 deducta
805 972 1011 1017 cacumine
1035 985 1190 1016 montes

196 1029 340 1079 religio
365 1031 484 1071 venit,
513 1032 614 1069 sicut
640 1032 689 1069 de
716 1032 830 1070 fonte
855 1035 1021 1082 perenni

195 1085 372 1130 flumina,
397 1094 434 1124 et
457 1099 504 1124 ex
525 1099 606 1126 uno
629 1088 748 1126 multi
771 1090 951 1138 genitore
974 1097 1150 1139 nepotes.

196 1142 306 1180 illius
330 1143 370 1179 in
392 1143 503 1180 silvis
525 1144 632 1181 abies
653 1145 722 1182 ubi
745 1145 922 1194 plurima
944 1148 1084 1196 surgit,

195 1199 358 1247 pinguis
380 1199 447 1236 ubi
472 1200 607 1248 piceae
631 1201 748 1238 sudat
772 1201 873 1238 liber
896 1208 934 1239 et
958 1203 1184 1243 terebinthi.

196 1255 412 1292 innocuum
435 1262 647 1305 postquam
671 1256 846 1294 feliciter
867 1259 994 1306 egeris
1016 1271 1169 1299 aevum.

195 1323 287 1348 mox
313 1317 381 1348 tua
405 1313 569 1349 mutatis
593 1319 701 1350 aetas
724 1314 982 1351 renovabitur
1006 1316 1132 1352 annis.

195 1367 237 1403 in
260 1367 349 1404 loca
370 1373 407 1405 te
430 1368 571 1405 tollam
594 1369 761 1406 meliora
783 1370 955 1408 virentia
977 1382 1156 1420 semper:

196 1423 434 1461 immortalis
457 1425 535 1461 eris
556 1425 694 1462 divum
717 1437 859 1467 comes,
886 1427 942 1463 ire
965 1438 1035 1475 per
1059 1434 1167 1465 astra

196 1479 298 1516 inter
322 1479 632 1529 Hamadryades
653 1488 690 1518 et
715 1480 895 1519 Oreadas
919 1489 1037 1532 atque
1062 1483 1250 1532 Napaeas

195 1534 290 1572 flore
312 1543 523 1574 coronatas
545 1544 666 1585 caput
689 1544 726 1574 et
749 1537 1022 1576 redolentibus
1043 1539 1176 1577 herbis

196 1590 261 1628 fas
284 1592 358 1629 erit
382 1603 427 1629 ac
451 1604 570 1641 super
593 1599 630 1630 et
654 1594 788 1630 subter
812 1605 1052 1643 cognoscere
1075 1595 1230 1633 caelos.'

251 1647 317 1684 Sic
339 1647 461 1685 effata
484 1648 589 1686 leves
612 1650 728 1698 virgo
750 1650 930 1687 discessit
953 1651 993 1687 in
1015 1663 1144 1688 auras.

195 1710 279 1740 tum
307 1716 376 1741 sua
404 1705 549 1741 iuravit
580 1705 727 1742 Pollux
753 1712 909 1744 mutata
934 1714 1096 1755 repente

196 1766 358 1807 pectora
378 1767 415 1797 et
436 1761 638 1809 extemplo
658 1762 809 1799 victum
831 1763 1052 1810 exspirasse
1074 1763 1252 1801 furorem

195 1827 275 1853 non
297 1816 415 1853 aliter
436 1829 555 1866 quam
577 1817 738 1855 flamma
757 1817 884 1861 cadet,
908 1819 940 1855 si
963 1818 1196 1857 ardentibus
1219 1821 1326 1869 agris

195 1871 324 1909 effluat
349 1878 386 1909 et
411 1879 515 1910 totas
540 1885 730 1922 praeceps
757 1874 891 1912 Padus
914 1881 1072 1912 evomat
1094 1875 1236 1913 undas.

195 1928 250 1964 sic
273 1928 370 1965 abiit
393 1928 567 1966 crudelis
589 1930 715 1967 Amor
736 1931 804 1979 qui
826 1942 943 1979 saepe
965 1931 1196 1980 pharetram

196 1984 235 2020 in
263 1984 456 2025 iuvenem.
482 1985 578 2022 dum
603 1986 814 2034 principiis
838 1987 1013 2024 obstaret
1039 1987 1213 2028 amandi.

193 2039 288 2076 dum
311 2047 417 2088 tepet
439 2052 484 2077 ac
507 2041 645 2078 timide
667 2042 828 2082 insanit.
851 2050 1151 2091 consumpserat
1173 2054 1341 2081 omnem.

193 2096 250 2132 sic
274 2096 396 2144 igitur
422 2097 568 2134 Pollux
593 2098 633 2134 in
657 2098 832 2135 claustra
855 2099 1016 2136 silentia
1040 2100 1159 2136 venit.

248 2152 296 2188 A.
330 2151 431 2189 Sunt
454 2153 599 2202 quibus
622 2154 799 2202 aspirent
824 2155 943 2191 etiam
967 2155 1197 2192 nolentibus
1219 2155 1339 2196 ultro.

194 2214 286 2245 sunt
310 2208 454 2257 quibus
479 2208 626 2246 infensi
652 2210 735 2246 sine
760 2221 880 2247 causa
903 2217 940 2247 et
966 2211 1131 2248 crimine
1155 2211 1197 2248 di
1221 2212 1312 2249 sint.

250 2263 299 2301 G.
334 2264 453 2311 Quod
478 2276 549 2302 nos
573 2265 613 2301 in
637 2265 820 2314 pecudes,
845 2266 886 2303 in
907 2278 979 2304 nos
1002 2267 1041 2304 id
1067 2267 1162 2304 iuris
1184 2267 1332 2305 habent
1355 2267 1422 2314 di3

193 2319 268 2357 hoc
292 2332 359 2357 rus
383 2321 481 2357 scire
507 2328 564 2358 sat
590 2328 659 2360 est.
685 2322 843 2370 sapiant
868 2322 1078 2360 sublimius
1102 2323 1230 2360 urbes

194 2376 247 2411 sic
271 2376 407 2412 docuit
434 2377 590 2413 rediens
613 2377 832 2426 aliquando
858 2390 905 2414 ex
930 2378 1026 2415 urbe
1051 2379 1235 2416 sacerdos

198 2432 346 2468 Iannus
367 2439 402 2469 et
426 2433 462 2468 in
486 2445 633 2480 magno
653 2433 758 2470 dixit
777 2433 853 2470 sibi
874 2433 1011 2471 codice
1033 2433 1191 2472 lectum.

246 2489 294 2524 A.
328 2488 397 2526 Sol
422 2488 528 2525 cadit
553 2495 589 2526 et
616 2488 737 2526 Baldi
761 2490 828 2529 vix
851 2501 1007 2528 summa
1029 2492 1238 2528 cacumina
1263 2491 1417 2540 tangit:

1512 480 1586 516 120

1513 1039 1586 1075 130

1512 1598 1585 1635 140

1510 2158 1583 2195 150
