1778 2804
640 205 839 238 ECLOGA
868 207 972 238 VIII.
999 215 1145 247 157-224

197 307 378 356 coniugis
403 320 578 345 annosus
603 307 812 357 gravidam
836 315 951 356 pater
976 309 1118 346 imbuit
1143 309 1290 346 alvmn.

197 363 270 400 illa
290 362 374 400 dies
398 364 543 400 etenim
566 370 727 400 sanctae
749 363 972 412 primordia
996 363 1212 413 Nymphae

197 418 295 456 fecit
319 426 358 456 et
381 420 421 456 in
447 425 602 457 nostras
626 420 753 456 vetuit
777 419 1016 457 descendere
1042 420 1188 458 sordes.

252 473 356 512 Cum
382 475 493 513 volat
518 475 729 512 imbrifera
754 476 909 524 lampas
936 476 1120 513 Phoebea
1146 477 1218 513 sul>
1246 488 1346 513 urna

194 531 245 568 ad
266 543 408 569 vernos
432 531 611 568 reditura
632 531 728 578 dies,
753 532 832 568 iam
855 533 1040 580 proxima
1060 533 1155 578 veri,

194 587 257 633 ite,
283 599 407 625 nurus
431 599 579 633 omnes,
605 598 738 625 sacros
761 587 956 624 altaribus
981 588 1104 637 ignes,

194 649 285 680 tura
311 642 426 689 focis,
456 643 614 680 faculas
640 643 825 681 manibus
853 643 957 689 date,
986 644 1121 681 ducite
1148 656 1362 710 pompa13;

193 699 330 736 attulit
356 700 397 736 in
423 699 619 748 templum
644 711 748 736 nova
772 699 880 737 dona
904 711 1103 748 puerpera
1128 700 1254 749 virgo.
1306 708 1315 747 l
1458 702 1471 726 ¹⁴

1513 210 1585 247 107

249 754 424 802 Quando
453 756 585 805 gregis
615 756 807 804 Princeps
834 761 975 793 aurato
1002 756 1151 793 vellere
1178 755 1342 805 fulgens
1395 803 1398 806 Ι
1545 762 1547 765 ’

194 811 357 859 incipiet
381 811 573 860 Zephyris
598 812 753 860 aperire
778 812 1005 860 tepentibus
1031 823 1182 849 annum

193 874 230 903 et
253 867 349 904 dare
371 868 540 905 maiores
565 868 646 904 luci
669 879 789 916 quam
813 868 998 905 noctibus
1023 868 1153 914 horas,

193 923 319 972 aliger
341 924 543 961 occultam
568 923 704 960 redeat
731 924 1037 972 Paranymphus
1061 925 1102 960 in
1126 924 1263 961 aeden]

192 986 229 1016 et
251 991 357 1017 nova
376 980 542 1016 miranti
566 979 717 1017 referat
738 979 931 1017 mandata
954 979 1124 1028 puellae.

195 1035 300 1073 festa
321 1036 405 1072 dies
427 1036 573 1073 Tuscis
593 1035 766 1084 populos
789 1035 838 1073 de
862 1036 1034 1074 collibus
1057 1048 1193 1073 omnes

192 1092 300 1141 cogit
323 1098 362 1129 et
384 1092 598 1129 Arnicolas
622 1098 739 1129 vocat
762 1092 813 1129 ad
840 1092 1048 1129 Florentia
1072 1093 1235 1140 templa.

193 1155 277 1185 tum
302 1160 459 1197 quoque
484 1148 552 1185 sed
578 1149 688 1185 tenui
712 1149 837 1197 virgo
854 1149 965 1197 prius
990 1148 1204 1186 intervallo

193 1205 340 1252 nupsit,
366 1210 403 1241 et
426 1204 524 1241 haec
548 1205 693 1241 teneris
718 1204 788 1241 lux
812 1211 870 1241 est
893 1204 1135 1241 celebranda
1158 1204 1316 1252 puellis.

248 1259 423 1307 Quando
451 1260 522 1297 sub
549 1266 728 1297 extrema
755 1260 904 1298 Cancri
931 1260 1131 1298 testudine
1160 1260 1343 1298 Phoebus

191 1316 368 1354 volvitur
392 1322 430 1353 et
454 1316 608 1353 revehit
631 1317 764 1354 vicina
791 1316 990 1355 Canicula
1012 1317 1184 1362 morbos,

150 1392 153 1395 ·
192 1379 278 1409 ture
304 1373 412 1421 piam
438 1372 635 1410 celebrate
660 1372 791 1419 diem;
819 1373 922 1409 redit
948 1373 1109 1421 hospita
1134 1379 1261 1410 mater
1300 1355 1320 1397 ¹(

191 1429 232 1465 in
255 1429 441 1477 proprios
465 1441 488 1466 a
510 1435 637 1465 matre
662 1429 776 1466 lares.
837 1429 983 1466 altaria
1007 1430 1156 1466 circum

191 1485 389 1533 primitias
418 1484 574 1523 Cereris
601 1485 783 1534 geminae
810 1485 1041 1533 suspendite
1068 1485 1225 1522 matri.'’
1247 1485 1254 1500 '

246 1541 331 1578 Ista
353 1535 464 1578 dedi‘t
488 1541 636 1578 Pollux
658 1540 833 1590 vigilans
857 1553 958 1590 quae
982 1542 1022 1578 in
1044 1542 1248 1578 montibus
1269 1542 1368 1579 olim

190 1596 343 1634 fecerat
365 1597 415 1634 ad
439 1597 639 1646 pecudum
663 1597 811 1643 caulas,
837 1597 934 1634 dum
958 1604 1074 1635 nocte
1099 1609 1237 1635 serena

190 1653 378 1690 militiam
400 1654 501 1690 caeli
524 1665 759 1703 sparsosque
783 1654 987 1690 examinat
1009 1655 1133 1703 ignes.

190 1710 250 1746 his
273 1721 430 1759 quoque
453 1710 574 1758 plura
595 1709 732 1757 dedit3
757 1710 826 1746 sed
850 1711 1029 1747 carmina
1052 1710 1173 1758 plura
1196 1710 1340 1747 referri

190 1777 272 1804 non
293 1767 388 1803 sinit
412 1772 633 1803 extremum
657 1766 861 1815 deponens
884 1778 1051 1815 vespera
1074 1766 1209 1803 solem.

1506 982 1583 1017 210

1504 1543 1582 1578 220
