1798 2784
226 190 275 225 66
630 191 903 224 BAPTISTAE
927 193 1206 228 MANTUANJ

226 290 306 328 fert
330 291 484 329 domita
506 294 658 330 cervice
683 294 833 343 iugum,
861 294 942 333 fert
964 296 1130 334 verbera
1153 303 1267 346 tergo

224 346 373 390 dulcia,
398 347 478 385 fert
500 350 694 390 stimulos,
720 350 843 387 trahit
866 358 904 388 et
926 351 1038 389 bovis
1062 353 1187 390 instar
1208 360 1398 391 aratrum.

279 403 379 440 Fau.
412 405 477 441 Tu
498 417 666 454 quoque,
688 413 731 443 ut
753 406 846 443 hinc
867 407 995 454 video,
1016 420 1097 446 non
1119 421 1158 445 es
1179 410 1343 458 ignarus
1363 422 1554 449 amorum.

279 459 372 496 For.
409 460 455 497 Id
479 472 688 498 commune
709 462 873 509 malum,
897 463 1018 501 semel
1042 465 1304 502 insanivimus
1325 477 1473 504 omnes.

279 515 378 552 Fau.
414 516 506 553 Hoc
530 518 652 554 animi
676 524 758 554 tam
781 519 893 556 triste
914 519 1075 564 bonum,
1101 527 1183 557 tam
1206 520 1324 558 dulce
1348 533 1556 567 venenum,

225 572 388 608 cottidie
413 573 573 610 crudele
596 575 724 623 magis
747 575 947 612 crescebat
971 577 1011 612 in
1034 576 1165 621 horas,
1540 580 1612 615 120

225 634 267 664 ut
292 628 413 672 calor,
440 629 480 665 in
503 640 650 666 nonam
673 630 769 667 dum
793 631 863 668 lux
887 632 1088 669 attollitur
1112 632 1264 670 horam.

227 683 427 731 pallebam
454 686 626 723 attonito
652 686 805 730 similis,
833 687 1115 735 lymphaticus,
1143 701 1290 734 amens,

226 740 442 783 immemor,
468 741 671 778 insomnis.
731 754 804 779 nec
826 749 910 780 erat
934 755 995 780 res
1017 744 1145 781 ardua
1167 745 1296 782 morbi

225 806 337 833 nosse
363 808 488 845 genus
502 809 511 843 ;
539 796 652 835 frons
677 804 734 835 est
759 799 881 836 animi
904 800 1110 836 mutabilis
1134 800 1266 837 index.

224 858 267 888 ut
289 858 403 900 pater
425 853 609 898 advertit,
633 855 770 891 mitem
791 866 831 891 se
854 855 1038 903 praebuit
1059 856 1169 893 ultra

224 915 468 954 consuetum,
493 909 600 958 quod
625 916 662 947 et
687 911 769 959 ipse
794 923 884 948 suos
906 918 1093 960 expertus
1117 924 1296 950 amorum

224 965 340 1001 sciret
364 977 475 1006 onus,
500 966 730 1015 blandoque
755 967 921 1016 loquens
946 967 1173 1004 humaniter
1197 981 1264 1006 ore

226 1020 316 1057 ‘dic
334 1021 355 1061 ’,
380 1022 521 1070 inquit,
547 1022 648 1067 ‘dic‚
676 1022 832 1068 Fauste„
855 1023 952 1072 quid
975 1024 1049 1061 hoc
1071 1024 1178 1073 quod
1202 1030 1361 1072 pectore
1383 1025 1539 1061 volvis?

224 1076 371 1114 infelix
392 1089 502 1125 puer,
526 1078 623 1115 haec
646 1077 771 1115 facies
792 1085 960 1116 testatur
982 1091 1168 1117 amorem.

223 1132 288 1169 dic
308 1133 430 1179 mihi3
455 1145 503 1170 ne
525 1134 673 1183 pudeat
695 1146 810 1172 curas
831 1136 986 1183 aperire
1007 1136 1189 1184 parenti.'
1540 1138 1613 1173 130

279 1189 371 1225 For.
405 1189 465 1227 Sit
489 1190 582 1227 licet
608 1191 648 1227 in
674 1197 788 1228 natos
815 1191 940 1228 facies
965 1198 1123 1229 austera
1148 1199 1371 1241 parentum,

224 1257 350 1295 aequa
370 1252 503 1282 tamen
524 1258 678 1295 semper
698 1258 808 1284 mens
830 1253 898 1292 est,
921 1254 957 1284 et
979 1249 1107 1284 amica
1127 1248 1325 1285 voluntas.

279 1301 376 1338 Fau.
414 1302 469 1339 Ut
494 1302 657 1339 facilem
681 1309 794 1351 pater
817 1303 1007 1340 affectum
1031 1316 1126 1352 prae
1151 1316 1190 1340 se
1214 1304 1319 1349 tulit,
1346 1305 1452 1341 ultro

224 1370 304 1394 rem
331 1358 539 1395 confessus
563 1370 679 1407 opem
705 1360 814 1407 petii.
874 1360 1058 1408 promisit
1072 1372 1082 1407 3
1110 1366 1149 1397 et
1173 1366 1265 1397 ante

223 1426 341 1461 quam
364 1414 546 1451 brumale
570 1415 661 1463 gelu
686 1414 923 1452 Borealibus
946 1428 1043 1452 arva
1065 1417 1222 1464 pruinis

223 1477 440 1519 spargeret,
468 1471 604 1519 agnati
630 1472 838 1517 unanimes
863 1483 953 1508 cum
979 1478 1091 1520 patre
1116 1472 1294 1520 puellam

223 1526 471 1575 despondere
497 1527 607 1563 mihi.
667 1538 740 1563 nec
766 1527 898 1564 adhuc
925 1528 1008 1564 sine
1034 1528 1200 1565 testibus
1227 1528 1289 1564 illi

224 1582 536 1631 congrediebar;
565 1595 673 1619 eram
698 1583 830 1620 medio
856 1583 1084 1621 sitibundus
1109 1584 1149 1620 in
1177 1595 1291 1621 amne

223 1638 434 1676 Tantalus.
495 1651 518 1676 o
540 1640 723 1688 quotiens
746 1640 866 1677 misso
888 1651 978 1676 cum
1000 1639 1128 1677 bobus
1149 1646 1295 1683 aratro,

223 1701 265 1731 ut
289 1695 425 1732 vacuis
449 1695 668 1744 aliquando
691 1702 791 1732 esset
815 1695 900 1732 sola
923 1695 1099 1737 aedibus,
1125 1696 1252 1732 ibam!
1538 1697 1612 1732 140

223 1752 358 1788 omnia
382 1751 586 1795 causabar,
613 1752 769 1796 stivam,
796 1751 957 1788 dentale
983 1752 1212 1801 iugumque,

224 1807 311 1845 lora
336 1808 430 1855 iugi.
459 1807 630 1847 rullam:
659 1807 823 1844 deerant
849 1819 1133 1857 quaecumque,
1162 1808 1343 1856 petebam

223 1875 242 1899 e
265 1864 389 1901 soceri
414 1863 508 1900 lare.
570 1863 655 1900 sola
679 1870 811 1900 tamen
834 1863 971 1900 deerat
994 1864 1090 1900 mihi
1116 1865 1242 1911 virgo.

222 1931 303 1956 non
325 1919 484 1956 deeram
508 1920 631 1966 mihi3
658 1920 845 1968 piscator,
870 1925 1036 1956 venator
1059 1926 1097 1956 et
1121 1931 1268 1968 auceps

224 1975 357 2012 factus
380 1987 500 2017 eram,
525 1982 563 2012 et
588 1975 729 2012 sollers
752 1975 887 2012 studia
911 1976 1135 2012 intermissa
1160 1976 1365 2024 resumpsi.

223 2031 420 2080 quidquid
445 2037 528 2068 erat
555 2031 738 2080 praedae,
764 2031 960 2081 quidquid
988 2031 1155 2069 fortuna
1179 2031 1346 2077 tulisset,

223 2087 273 2124 ad
298 2099 453 2124 soceros
476 2088 582 2134 ibat;
610 2099 729 2135 gener
751 2087 949 2125 officiosus
972 2087 1159 2124 habebar.

222 2150 338 2181 nocte
359 2144 478 2180 semel
503 2144 635 2181 media
657 2144 891 2181 subeuntem
913 2143 1055 2180 limina
1079 2143 1219 2180 furtim

232 2200 308 2247 (sic
329 2201 475 2236 etenim
498 2206 638 2248 pactus
662 2199 818 2237 fueram
842 2211 931 2237 curn
954 2199 1130 2247 virgine)
1163 2199 1294 2236 furem

224 2267 304 2292 esse
328 2256 405 2293 rati
429 2256 606 2292 invasere
630 2267 770 2303 canes3
797 2267 870 2305 ego
894 2256 1077 2304 protinus
1100 2256 1223 2292 altam
1538 2254 1612 2291 150

224 2312 452 2349 transiliens
476 2323 631 2360 saepem
656 2312 723 2348 vix
747 2323 817 2349 ora
841 2311 1034 2348 latrantia
1057 2311 1158 2360 fugi.

280 2367 359 2404 His
383 2367 545 2404 tandem
569 2367 712 2405 studiis
735 2368 904 2405 hiemem
929 2368 1195 2416 transegimus
1221 2367 1344 2403 illam.

224 2435 290 2460 ver
312 2423 442 2463 rediit.
467 2424 544 2460 iam
567 2423 669 2460 silva
688 2424 800 2463 viret.
826 2424 903 2460 iam
925 2423 1042 2460 vinea
1064 2422 1240 2463 frondet.

224 2480 301 2516 iam
325 2480 479 2528 spicata
501 2479 632 2519 Ceres,
658 2480 735 2516 iam
759 2479 910 2527 cogitat
933 2478 1085 2516 hordea
1105 2489 1266 2518 messor.

223 2535 491 2584 splendidulis
517 2536 593 2572 iam
618 2541 734 2572 nocte
758 2535 895 2572 volant
921 2534 1164 2586 lampyrides
1190 2534 1264 2570 alis
1278 2545 1288 2585 ¹3
