1778 2804
617 226 810 258 ECLOGA
843 227 902 258 VJ.
930 228 1072 266 157-238

150 328 364 366 stultorum
387 335 443 365 est
466 328 576 367 aliud
599 341 722 377 genus
746 329 1040 366 immedicabile
1063 329 1278 379 quoddam,

151 384 342 422 causidici
368 385 580 422 latratores
607 385 850 434 rabulaeque
877 385 1057 422 forenses

152 453 405 479 nummorum
426 442 643 490 aucupium
661 441 771 478 docti
791 441 1005 491 legumque
1025 442 1198 490 tyranni.

150 509 239 534 aere
261 498 531 546 patrocinium
554 497 757 545 vendunt3
784 497 1004 546 producere
1029 510 1168 535 causas

151 559 188 589 et
211 553 300 591 lites
321 553 493 601 pendere
514 553 584 590 diu
605 553 808 590 vindemia
827 553 1025 602 quaedam
1047 560 1116 591 est.

151 615 242 646 sunt
265 616 303 647 et
326 616 505 659 equestre
531 621 654 658 genus
676 609 823 646 medici
845 610 915 659 qui
936 615 1101 659 tangere
1125 622 1244 647 venas

152 677 232 703 non
252 678 472 715 numquam
493 665 657 703 illicitas
678 665 829 703 audent
849 671 888 703 et
907 677 1057 714 ponere
1077 665 1274 715 quaedam

152 733 232 759 non
252 721 467 759 intellectis
489 722 701 758 temeraria
722 722 887 759 nomina
905 722 1067 759 morbis.

152 778 223 817 his.
248 778 321 814 etsi
344 778 527 814 tenebras
551 777 733 826 palpant,
758 783 816 814 est
838 777 952 815 facta
973 784 1149 826 potestas

151 834 409 870 excruciandi
433 846 573 883 aegros
596 834 855 883 hominesque
879 834 1042 882 impune
1065 834 1248 871 necandi.

151 891 219 939 qui
242 902 336 927 vero
359 891 401 926 in
422 889 584 938 populis
608 896 798 939 praesunt
820 890 1079 939 hominesque
1104 891 1329 939 gubernant

152 958 230 994 quo
253 946 344 994 plus
368 947 464 984 iuris
487 946 635 983 habent
659 952 889 995 quantoque
912 945 1077 983 licentia
1098 947 1226 984 maior

152 1003 325 1038 insanire
348 1002 477 1039 solent
500 1008 613 1040 tanto
636 1002 822 1051 amplius.
883 1015 905 1040 o
927 1002 996 1039 ubi
1018 1003 1145 1040 sancti

152 1064 324 1096 rectores
347 1064 384 1095 et
407 1059 581 1095 iustitiae
603 1064 641 1095 et
664 1059 825 1107 pietatis
848 1059 966 1096 amici

152 1126 250 1163 quos
274 1120 407 1163 patres
432 1125 517 1152 sero
543 1121 634 1152 ante
660 1114 799 1152 focum
822 1127 1043 1152 memorare
1069 1115 1278 1153 solebant?

152 1171 287 1208 omnia
308 1182 415 1208 nunc
437 1171 585 1208 abeunt
608 1183 778 1219 pessum.
839 1171 1014 1219 spoliata
1037 1177 1258 1221 queruntur

153 1226 316 1276 templa,
342 1233 506 1276 gemunt
532 1228 682 1275 inopes,
708 1227 853 1265 viduae
876 1227 1153 1274 lacrimantur,
1180 1234 1218 1265 et
1242 1228 1360 1265 huius

153 1295 349 1332 quaenam
374 1295 494 1320 causa
516 1284 641 1320 mali?
699 1284 794 1333 quia
818 1289 896 1320 stat
922 1296 995 1332 pro
1020 1284 1107 1333 lege
1132 1284 1270 1321 libido.

206 1339 253 1376 F.
288 1339 373 1376 Ista
395 1346 475 1385 tua,
500 1352 522 1377 o
551 1340 714 1385 Cornix,
743 1340 1075 1377 excandescentia
1099 1339 1199 1377 fines

153 1396 296 1433 transit
319 1395 539 1433 honestatis
553 1408 562 1443 3
591 1396 718 1433 scelus
741 1397 926 1434 omnibus
950 1397 1073 1434 obicis
1097 1408 1224 1434 omne.

155 1453 346 1489 innocuos
371 1452 554 1489 habitare
578 1452 759 1490 homines
785 1459 822 1489 et
848 1453 889 1489 in
914 1453 1011 1490 urbe
1035 1459 1247 1491 memento.

211 1508 254 1545 C.
289 1508 385 1545 Non
406 1508 591 1545 habitant
612 1509 769 1546 colubri
790 1509 987 1558 quaedam
1012 1509 1248 1547 Balearibus
1272 1522 1366 1547 arva

155 1564 338 1612 proxima
367 1565 469 1610 (non
489 1565 652 1602 memini
674 1565 840 1613 nomen)
871 1577 998 1614 neque
1020 1572 1168 1603 noctua
1191 1566 1365 1611 Cretam,

155 1632 226 1657 nec
251 1632 390 1659 nemus
418 1621 588 1670 Egeriae
614 1622 784 1670 sonipes,
811 1633 884 1658 nec
909 1623 970 1658 vir
995 1622 1122 1659 bonus
1148 1622 1299 1660 urbem.

207 1677 253 1713 F.
287 1677 361 1713 Vir
382 1677 511 1714 bonus
534 1683 592 1714 est
615 1677 765 1714 animal
789 1689 925 1715 rarum
948 1690 1175 1727 paucasque
1198 1690 1269 1727 per
1290 1679 1409 1716 urbes

154 1740 191 1769 et
214 1744 284 1781 per
308 1745 403 1777 rura
424 1733 533 1770 locos
555 1733 700 1781 habet,
726 1740 784 1771 est
807 1735 1011 1772 rarissima
1032 1735 1170 1772 virtus.

212 1789 256 1826 C.
291 1789 460 1835 Insanis,
491 1790 523 1826 F
526 1789 645 1835 ulica,
672 1790 823 1827 insanis
837 1802 848 1838 3
877 1796 936 1828 tot
964 1791 1004 1827 in
1029 1791 1196 1828 urbibus
1223 1791 1356 1828 hostes

154 1851 245 1882 sunt
268 1845 341 1882 tibi
364 1851 461 1894 quot
485 1846 600 1882 cives.
661 1846 703 1882 hi
726 1858 798 1883 nos
823 1846 1070 1896 tondentque
1094 1847 1304 1896 pilantque

154 1913 236 1938 non
258 1901 396 1938 habita
418 1903 544 1939 nostri
568 1902 712 1950 capitis
735 1903 913 1950 ratione,
940 1909 1123 1940 coartant

155 1969 227 1995 nos
249 1957 300 1994 ad
324 1957 448 2003 furta,
472 1958 550 2006 ipsi
571 1970 665 1996 mox
688 1958 739 1995 ad
763 1959 980 2007 suspendia
1000 1960 1178 1997 mittunt.

156 2012 220 2050 fas
241 2014 377 2062 igitur,
401 2014 434 2050 si
455 2013 552 2062 quid
573 2015 720 2051 nostris
742 2025 824 2052 sese
845 2015 1047 2064 unguibus
1068 2015 1200 2060 offert,

155 2069 295 2106 radere
316 2075 354 2107 et
375 2070 531 2107 insidiis
552 2082 598 2107 ac
619 2076 757 2108 nostra
778 2070 970 2120 indagine
991 2077 1131 2120 captos

155 2125 390 2174 deplumare
415 2125 494 2162 levi
518 2132 629 2163 tactu
654 2127 799 2164 sensim
824 2133 862 2164 et
886 2127 1168 2176 pedepressim.

156 2182 188 2219 si
208 2181 329 2227 videt,
354 2193 500 2219 excusa
512 2193 523 2230 3
547 2182 580 2219 si
600 2188 692 2219 sunt
714 2189 875 2229 secreta,
899 2189 1044 2233 negato

157 2237 269 2275 furta
282 2249 292 2285 3
318 2237 426 2287 quod
450 2238 653 2276 occultum
676 2245 734 2276 est
757 2251 837 2277 non
861 2246 918 2276 est
942 2240 1090 2277 iniuria
1113 2239 1281 2278 furtum.

155 2293 353 2343 quidquid
375 2293 524 2331 habent
546 2300 680 2332 noster
704 2294 818 2333 labor
841 2301 910 2341 est,
936 2295 1136 2333 industria
1156 2302 1295 2335 nostra
1317 2304 1385 2334 est.

210 2349 256 2386 F.
292 2349 379 2387 Iam
405 2349 525 2400 longe
551 2350 751 2400 egrederis
774 2357 923 2389 metam
948 2352 1115 2390 rationis
1142 2359 1179 2390 et
1205 2354 1332 2402 aequi.

213 2405 257 2443 C.
291 2405 326 2444 O
357 2405 510 2452 Fulica,
536 2407 773 2455 improbitas
796 2408 952 2445 urbana
977 2409 1212 2458 coinquinat
1237 2409 1384 2446 orbem.

156 2461 261 2499 unde
283 2468 342 2499 tot
363 2463 405 2499 in
426 2468 551 2499 terras
573 2464 739 2500 veniunt
762 2470 911 2500 aestate
933 2464 1146 2512 procellae,

157 2517 343 2563 fulmina,
368 2519 489 2564 venti,
513 2530 661 2565 amnes,
687 2518 868 2568 grando?
926 2520 1073 2557 vidisse
1096 2520 1285 2559 recordor

158 2573 341 2611 tellurem
365 2580 531 2611 tremere
555 2586 601 2611 ac
625 2581 756 2623 postes
780 2581 817 2612 et
842 2582 947 2613 tecta
970 2576 1117 2621 labare,

1486 230 1535 267 95

1465 444 1540 479 200

1466 1004 1542 1039 210

1468 1568 1545 1602 220

1469 2130 1546 2166 230
