1798 2784
295 154 365 191 116
692 155 964 188 BAPTISTAE
989 156 1267 189 MANTUANI

288 267 388 304 quos
410 256 575 294 dederat
600 257 686 294 rivo
711 263 888 295 veterum
913 257 1130 307 prudentia
1155 264 1326 307 patrum.

342 311 403 348 M.
437 311 547 359 Quid
572 312 655 358 tibi,
681 313 762 350 sive
785 325 889 351 novo
912 320 1046 351 currat
1070 326 1137 351 seu
1161 314 1320 352 tramite
1344 315 1488 363 prisco,

290 367 508 405 dummodo
534 367 718 405 fecundis
743 375 913 406 umectet
937 380 1087 418 pascua
1111 370 1311 418 lymphis?

289 429 326 460 et
347 423 443 472 quid
465 423 514 460 de
536 424 636 461 caeli
658 425 834 474 quereris
856 426 1045 475 regione?
1103 437 1174 474 per
1195 426 1388 463 Austrum

291 479 385 517 solis
407 480 493 525 iter,
516 480 657 517 melior
679 481 772 517 vitis
794 492 894 530 quae
916 482 1077 529 respicit
1101 481 1306 527 Austrum,

290 542 327 571 et
350 535 492 573 melior
517 535 664 584 legitur
689 536 848 585 Libycis
871 537 920 574 de
943 537 1114 574 collibus
1137 549 1226 574 uva.
1624 539 1677 576 80

343 591 416 628 Ba.
451 591 524 628 Est
545 591 688 629 melior
710 598 826 629 taxus
850 592 1020 630 Boream
1043 605 1144 642 quae
1166 594 1328 642 respicit
1342 605 1352 641 ;
1377 605 1471 643 ergo

291 648 329 683 in
356 646 524 684 Boream
547 648 690 685 melius
714 654 870 696 poterat
895 648 1103 686 decurrere
1129 650 1248 686 rivus.

292 709 427 751 pastor
447 715 498 749 es,
519 709 556 740 et
576 707 671 741 cura
690 704 844 752 pecoris
862 705 967 742 male
987 716 1080 742 sane
1100 705 1242 742 relicta

291 770 511 797 sermonem
534 759 582 796 de
606 760 686 796 vite
710 759 812 796 facis
836 761 949 809 quasi
974 760 1129 809 legibus
1154 760 1279 798 isdem

293 826 387 863 grex
408 821 446 852 et
468 816 560 852 vitis
581 822 685 861 eant,
707 827 780 852 nee
800 815 908 865 quod
929 816 1142 853 discrimen
1166 817 1205 852 in
1227 816 1346 854 undis

291 871 549 920 gramineque
570 877 607 908 et
628 872 756 908 ventis
779 872 883 909 nosti
905 878 942 908 et
965 883 1084 921 quarn
1106 873 1250 909 noxius
1273 873 1418 909 Auster

291 927 340 963 sit
363 928 521 975 pecori;
546 927 654 964 disce
675 939 697 964 a
720 928 851 965 Roma
873 928 905 964 si
927 929 1070 965 noxius
1093 929 1250 965 Auster.

292 994 360 1019 cur
389 982 631 1020 Mutinensis
657 983 744 1031 agri
771 983 942 1032 pecudes
971 990 1062 1021 sunt
1089 984 1236 1021 vellere
1264 983 1407 1022 fusco?

235 1051 238 1054 ⁴
291 1050 360 1075 cur
386 1038 617 1076 Clitumnus
641 1039 761 1076 habet
786 1040 949 1076 niveas?
1006 1050 1076 1077 cur
1105 1039 1276 1077 Mantua
1300 1040 1414 1077 molli

7 2315 49 2339 a»
64 2333 69 2342 .
87 2310 155 2363 w.
175 2318 257 2359 ημ.

0 2389 224 2427 omitt-lm&

293 1094 433 1132 lanitio
459 1095 620 1132 excellit
647 1095 886 1144 Veronaque
913 1095 1097 1144 proxima
1127 1095 1298 1132 Manto?
1626 1097 1679 1134 90

291 1150 396 1187 unde
417 1150 514 1187 haee
535 1151 754 1199 multiplici
776 1162 908 1188 rerum
929 1152 1128 1188 variantia
1151 1150 1310 1189 forma?

292 1218 371 1244 non
395 1206 558 1244 aliunde
581 1207 657 1243 nisi
679 1219 702 1244 a
724 1207 856 1253 caelis,
879 1219 902 1244 a
925 1208 1104 1256 gramine
1127 1213 1165 1244 et
1186 1207 1305 1244 unda.

345 1263 415 1299 Be.
450 1262 646 1309 Candide,
677 1269 890 1312 utrumque
921 1263 1070 1312 pedum
1101 1263 1242 1312 procul
1274 1263 1368 1300 hine
1408 1263 1548 1313 (rogo)
1588 1275 1678 1312 pro-

512 1319 618 1356 tinus
642 1318 783 1366 aufer3

293 1375 395 1412 inter
417 1386 482 1412 eos
502 1374 621 1412 hodie
643 1374 760 1413 video
780 1375 932 1412 bellum
953 1387 1042 1412 aere
1065 1374 1260 1412 futurum.

293 1431 395 1467 elam
421 1442 518 1479 cape
543 1437 580 1468 et
606 1430 790 1478 auferto;
819 1431 953 1468 subter
979 1437 1179 1468 sarmenta
1203 1431 1384 1469 reconde.

345 1486 418 1523 Ba.
452 1486 612 1531 Bembe,
635 1487 734 1524 mibi
757 1493 887 1524 tecum
911 1499 1036 1525 sermo
1061 1493 1130 1524 est.
1189 1487 1285 1524 dum
1310 1488 1481 1524 viximus
1504 1498 1596 1534 una,

292 1542 386 1580 dum
409 1554 618 1580 commune
642 1554 761 1591 pecus
783 1543 898 1580 nobis
921 1542 1013 1589 fuit,
1036 1543 1114 1580 heu
1134 1543 1232 1580 mihi
1255 1549 1450 1592 quantum

291 1598 475 1644 dedecus,
500 1598 577 1636 heu
602 1605 698 1647 quot
722 1605 814 1636 sunt
838 1598 1010 1647 pecudes
1036 1599 1288 1636 incommoda
1314 1610 1463 1647 passae.

292 1666 362 1691 nec
384 1666 556 1692 mersare
579 1667 738 1703 gregem
762 1653 882 1691 fluvio
907 1666 978 1691 nec
1001 1655 1150 1692 vellera
1174 1655 1291 1691 certis

291 1710 538 1759 temporibus
573 1711 695 1757 (sicut
720 1723 806 1748 mos
833 1710 912 1758 est)
949 1710 1113 1748 tondere
1141 1710 1298 1748 licebat.
1608 1711 1680 1748 100

292 1766 500 1804 nudabant
527 1767 682 1815 spineta
707 1778 838 1815 pecus.
865 1766 1019 1804 nudata
1044 1766 1230 1803 secabant

294 1829 404 1871 terga
429 1822 543 1870 rubi3
571 1823 702 1859 scabie
728 1823 829 1859 cutis
854 1834 1006 1870 aspera,
1033 1822 1193 1859 tabidus
1218 1834 1332 1860 umor

294 1879 426 1927 pestis,
451 1884 488 1915 et
512 1879 552 1915 in
576 1885 702 1916 toturn
728 1879 939 1927 serpebant
963 1878 1099 1915 ulcera
1123 1890 1278 1927 eorpus.
1311 1884 1318 1889 '

293 1934 463 1971 multum
490 1935 613 1983 igitur
638 1934 763 1971 refert
789 1934 960 1982 pecudes
985 1946 1085 1983 quae
1111 1934 1259 1983 pabula
1285 1940 1464 1983 carpant.

294 1989 457 2027 flumina
479 2002 580 2039 quae
604 1996 743 2038 potent
768 1997 805 2027 et
830 2002 909 2039 qua
931 1991 1093 2039 regione
1116 1996 1332 2027 morentur.

351 2046 428 2083 Die
451 2046 562 2091 mihi,
587 2046 664 2091 dic,
693 2046 882 2094 Myrmix,
908 2046 1083 2094 priscum
1110 2058 1179 2082 eur
1204 2046 1297 2083 lana
1321 2046 1495 2084 colorem

293 2102 497 2150 perdidit?
554 2102 652 2138 haec
676 2102 862 2151 gregibus
885 2101 1077 2150 quidnam
1100 2114 1205 2139 nova
1226 2101 1376 2139 vellera
1399 2101 1524 2138 fecit?

294 2169 363 2194 cur
386 2169 505 2206 pecus
527 2164 584 2194 est
607 2158 767 2206 nigrum
790 2157 896 2207 quod
919 2163 1003 2194 erat
1024 2157 1256 2195 melioribus
1280 2158 1394 2194 annis

294 2214 474 2251 clarum?
532 2214 795 2251 immutarunt
820 2214 963 2250 mutati
989 2213 1139 2250 vellera
1163 2225 1303 2251 mores.

350 2269 508 2313 Bembe,
534 2269 584 2306 ad
608 2276 644 2306 te
667 2269 796 2307 redeo.
858 2269 996 2318 paucis
1019 2269 1224 2320 absolvere
1246 2270 1364 2308 nitar.
1608 2270 1680 2305 110

295 2325 374 2371 sed,
401 2337 479 2374 quo
503 2325 627 2374 digna
651 2326 759 2363 omni
785 2331 853 2362 tua
878 2318 1150 2362 sit'sententia
1175 2325 1305 2371 laude,

295 2393 387 2418 vera
412 2381 565 2430 loquar.
627 2388 669 2418 tu
695 2382 781 2418 iura
806 2387 927 2426 tenes»,
952 2392 1026 2430 ego
1052 2379 1164 2418 faeta
1185 2381 1361 2428 doeeb03

296 2437 488 2475 iudicium
514 2437 646 2474 reddit
673 2449 809 2474 verum
835 2437 1036 2474 enarratio
1063 2448 1166 2474 vera.

297 2494 355 2531 his
379 2493 666 2531 animadversis
689 2504 806 2542 aegre
829 2498 887 2530 tot
909 2492 1058 2530 damna
1082 2491 1256 2531 ferentes
