1798 2784
231 216 282 252 90
637 215 909 246 BAPTJSTAE
935 213 1211 247 MANTUAN!

616 405 850 444 ECLOGA
882 407 954 452 vr,
989 405 1233 452 CORNJX,

349 530 414 560 DE
440 529 841 560 DISL'EPTATIONE
865 527 1197 561 RUSTICORUM
1221 529 1284 559 ET
1309 528 1503 561 CIVIUM.

697 652 870 680 CORle.
986 651 1154 679 FULICA.

290 756 334 792 C.
370 755 408 791 N
415 756 517 804 ingit
538 755 676 800 hiems,
699 755 829 804 mugit
853 754 1012 800 Boreas,
1035 767 1059 792 a
1079 755 1252 791 culmine
1274 753 1420 802 pendet

232 812 368 858 stiria3
395 811 587 859 depositis
611 811 737 848 bobus
761 811 972 860 requiescit
998 816 1142 856 arator,

233 868 381 904 dormit
407 867 551 904 humus
566 879 575 914 3
603 867 740 905 clauso
765 873 901 915 pastor
928 867 1130 904 tunicatus
1155 867 1251 904 ovili

234 931 358 961 cessat
383 925 499 969 iners,
524 923 632 960 sedet
656 930 747 960 ante
773 923 909 961 focum
934 923 1094 960 fumosa
1120 922 1276 959 Neaera

233 987 352 1029 atque
377 979 542 1028 polenta
567 980 713 1028 coquit.
774 980 886 1028 prius
911 978 1177 1016 intolerabilis
1203 985 1330 1015 aestas

234 1047 340 1073 nunc
362 1036 564 1081 laudatur,
589 1036 715 1072 hiems
739 1042 850 1073 aestu
873 1035 1040 1072 laudata
1062 1035 1231 1072 molesto

234 1092 445 1141 displicet;
472 1098 656 1141 optatum
680 1091 846 1129 damnat
871 1091 1097 1140 praesentia
1122 1090 1265 1139 frigus.

289 1148 334 1186 F.
369 1148 499 1186 Omne
520 1148 670 1185 bonum
692 1159 879 1196 praesens
900 1147 1031 1186 minus
1054 1153 1136 1194 est;
1161 1154 1319 1195 sperata
1342 1146 1528 1183 videntur

234 1217 393 1254 magna,
419 1205 528 1242 velut
552 1205 680 1242 maius
705 1204 837 1241 reddit
861 1204 1055 1241 distantia
1079 1203 1226 1240 lumen.

292 1261 337 1299 C.
373 1261 550 1298 Delicias
575 1261 694 1298 habet
720 1272 836 1298 omne
862 1272 953 1298 suas
976 1266 1014 1297 et
1040 1259 1187 1309 gaudia
1211 1265 1378 1307 tempus.
1579 1258 1624 1294 10

236 1319 368 1366 aspice
391 1324 434 1354 ut
458 1318 607 1366 impexi
629 1318 802 1366 tritaque
824 1317 865 1353 in
887 1322 994 1353 veste
1017 1316 1134 1365 ligati

235 1374 354 1411 caede
378 1386 492 1411 suum
516 1374 629 1422 pueri
652 1373 867 1410 exsultant.
928 1372 1089 1409 inflatur
1114 1373 1155 1408 in
1179 1378 1306 1409 utrem

237 1431 421 1467 immissis
441 1431 573 1467 vesica
592 1429 724 1476 fabis3
749 1435 863 1466 sonat
885 1434 922 1466 et
944 1429 1065 1465 micat
1087 1434 1176 1465 acta

236 1498 342 1524 nunc
364 1486 476 1535 pede,
500 1497 607 1523 nunc
631 1486 777 1531 cubito,
802 1485 938 1522 stricto
963 1495 1069 1522 nunc
1092 1484 1210 1522 obvia
1234 1495 1382 1532 pugno.

237 1544 268 1580 si
291 1542 411 1589 cadit,
435 1542 652 1590 attollunt3
678 1553 796 1578 cursu
818 1541 932 1579 labor
955 1547 1073 1590 atque
1096 1551 1257 1577 recursu

237 1599 419 1636 brumam
443 1599 594 1647 abigit3
624 1598 794 1647 glaciale
821 1597 912 1647 gelu
938 1597 1023 1646 pila
1047 1597 1196 1634 rustica
1219 1596 1355 1633 vincit.

237 1667 308 1693 nos
329 1662 462 1692 tamen
485 1655 550 1691 hic
572 1654 715 1691 melius
738 1654 874 1702 tepido
898 1653 970 1691 sub
992 1653 1182 1690 stramine
1207 1651 1284 1690 foti

239 1712 497 1761 transigimus
521 1717 689 1759 tempus,
715 1710 811 1747 dum
836 1710 899 1747 lac
924 1710 1003 1747 coit
1028 1709 1120 1758 igne
1143 1714 1356 1745 recoctum.

291 1768 338 1805 F.
373 1768 610 1816 Pauperiem
635 1766 814 1804 declarat
837 1766 975 1803 hiems.
1036 1763 1264 1813 improvida
1287 1770 1391 1801 certe

238 1825 355 1862 turba
377 1836 511 1861 sumus
533 1824 718 1869 iuvenes3
743 1823 869 1860 securi
893 1828 1041 1859 aestate
1063 1832 1257 1870 vagamur
1578 1819 1627 1855 20

239 1882 487 1918 immemores
512 1880 664 1919 hiemis.
692 1885 871 1916 nostrum
898 1890 962 1915 aes
988 1878 1164 1914 tibicinis
1188 1888 1302 1914 omne
1328 1883 1409 1922 est;

239 1943 282 1974 ut
304 1937 407 1974 redit
429 1948 448 1973 e
472 1936 636 1985 Scythia
660 1936 808 1972 Boreas
830 1934 1024 1983 nidosque
1048 1933 1257 1970 volucrum

240 1993 454 2031 frondibus
479 1992 654 2030 ostendit
681 1991 832 2028 nudata
859 1990 1093 2027 cadentibus
1121 1989 1250 2034 arbor,

239 2049 436 2098 {rigemus
458 2048 556 2086 nudi
579 2048 777 2096 scapulas,
801 2047 977 2091 dorsum,
1002 2046 1084 2091 ilia,
1110 2045 1281 2094 plantas.

239 2105 452 2143 stultitiam
475 2105 654 2141 declarat
678 2104 814 2140 hiems,
875 2103 1094 2150 sapientius
1118 2102 1234 2138 urbes

240 2162 466 2211 congeriem
492 2172 699 2198 nummum
725 2159 982 2196 accumulant
1008 2164 1045 2195 et
1071 2158 1121 2195 ad
1150 2157 1218 2194 ilia
1245 2157 1385 2204 vulpes

240 2218 485 2267 melotasque
512 2217 676 2254 trahunt
702 2216 984 2264 maculosaque
1011 2221 1170 2261 tergora
1195 2213 1334 2262 lyncis.

297 2274 341 2311 C.
379 2274 593 2321 Desipiunt
618 2284 753 2310 omnes
775 2283 849 2308 nec
871 2283 944 2308 nos
970 2271 1010 2307 in
1034 2270 1198 2306 crimine
1223 2268 1309 2306 soli.

241 2332 361 2368 immo
384 2331 490 2379 ipsos
513 2336 630 2366 vexat
653 2328 813 2377 gravior
835 2327 1037 2364 dementia
1059 2326 1176 2371 cives,

240 2399 377 2424 verum
402 2386 484 2422 illis
507 2392 633 2422 mater
658 2384 772 2422 nobis
798 2384 979 2421 Fortuna
1001 2393 1173 2419 noverca
1578 2379 1629 2415 30

241 2454 312 2480 nos
333 2443 489 2491 premit.
552 2440 697 2477 infelix
720 2452 805 2478 sors
826 2446 883 2476 est
905 2438 1116 2476 dementia.
1178 2436 1246 2473 fac
1269 2437 1341 2473 sim

244 2499 484 2538 fortunatus.
515 2510 581 2534 ero
607 2496 800 2544 locuples,
829 2507 895 2532 ero
924 2495 1076 2543 primus
1104 2495 1143 2529 in
1170 2493 1279 2531 urbe.

242 2555 394 2597 audiar,
426 2560 632 2602 assurgent
665 2564 812 2594 omncs,
843 2564 904 2588 me
935 2551 1080 2587 vertice
1110 2549 1216 2586 nudo
