1849 2845
647 267 842 300 ECLOGA
874 269 935 300 m.
960 271 1082 309 75-150
1508 276 1559 312 93

170 368 395 413 stultitiam,
422 382 470 407 ne
498 370 603 407 forte
628 376 742 419 putes
767 372 986 419 sapientius
1012 372 1105 410 illos

170 426 301 462 vivere
323 427 391 474 qui
414 427 626 474 splendent
648 439 756 473 auro,
780 428 849 476 qui
870 429 1020 465 murice
1043 428 1217 478 fulgent.

226 482 305 518 His
327 484 455 520 oculis
477 484 561 520 vidi
584 485 729 520 tunicis
752 484 963 533 plerosque
988 486 1169 533 superbis

169 539 305 575 vestiri
330 546 448 588 atque
474 539 566 577 foro
591 540 718 589 regali
741 540 924 577 incedere
951 553 1086 589 gressu

169 607 267 642 quos
291 602 441 632 secreta
466 596 595 632 fames
619 597 763 644 premit
789 603 907 645 atque
932 597 1151 634 domestica
1177 603 1341 646 egestas.
1486 601 1558 635 120

169 651 330 688 stultius
355 652 416 688 his
442 659 545 689 certe
570 653 672 689 nihil
700 659 781 700 est;
811 653 1020 701 opulentia
1046 653 1151 700 ficta,

168 715 384 755 paupertas
407 715 443 745 et
467 710 653 757 segnities
677 715 714 745 et
737 710 882 746 inertia
902 710 1008 746 vitae

168 776 271 805 vera„
294 764 390 813 quid
413 771 470 801 est
491 765 601 802 aliud
624 777 742 814 quam
764 765 1004 813 desipientia
1024 766 1144 803 vera?

167 820 251 856 vidi
272 822 391 857 etiam
414 828 546 869 patres
578 822 621 869 (o
644 834 725 858 rem
748 822 959 871 indignam
980 829 1098 871 atque
1122 822 1362 870 nefandam)

167 876 262 913 dum
285 888 423 925 segnes
445 877 619 914 dormire
641 878 782 915 volunt
804 884 841 914 et
863 879 995 915 vivere
1019 879 1138 921 laute,

167 934 416 980 prostituisse
442 946 530 970 suas
556 934 677 981 vulgo
704 946 793 970 cum
819 935 989 982 coniuge
1014 942 1152 975 natas;

166 989 260 1037 quid
290 990 428 1037 peius?
487 989 583 1038 quid
612 989 832 1038 perfidius?
891 991 987 1039 quid
1016 991 1177 1027 stultius
1205 992 1421 1040 umquam?

219 1046 266 1082 F.
301 1046 410 1092 Quid
435 1047 466 1082 si
490 1047 613 1082 vitam
639 1046 719 1083 alio
743 1055 945 1095 nequeunt
970 1047 1178 1084 traducere
1204 1048 1350 1095 pacto?

222 1102 266 1138 C.
301 1102 403 1139 Cum
426 1103 593 1139 totidem
615 1109 712 1151 quot
735 1115 807 1139 nos
830 1103 1003 1140 habeant
1027 1104 1258 1152 animasque
1282 1116 1514 1153 manusque,

165 1158 228 1194 dic
252 1170 321 1195 cur
344 1159 469 1195 vitam
492 1159 570 1196 alio
595 1166 794 1208 nequeant
818 1159 1026 1196 traducere
1052 1166 1182 1208 pacto.
1484 1161 1556 1196 130

223 1214 295 1251 Est
318 1215 438 1251 etiam
463 1215 573 1251 cuius
596 1227 732 1251 vecors
758 1215 957 1253 industria
980 1227 1104 1252 vanas

165 1277 329 1320 quaerat
349 1282 456 1319 opes,
480 1271 549 1308 ubi
570 1271 708 1308 nullus
731 1283 824 1320 opes
847 1273 999 1308 invenit
1023 1272 1071 1309 ab
1094 1284 1213 1309 aevo:

164 1339 229 1363 aes
253 1327 363 1364 lavat
388 1327 603 1364 herbarum
629 1328 731 1365 sucis
757 1334 793 1364 et
820 1335 971 1365 vertere
999 1329 1039 1364 in
1064 1340 1206 1365 aurum

164 1384 347 1420 aestimat
371 1395 417 1420 ac
441 1384 559 1432 nigra
583 1395 737 1432 semper
762 1383 937 1433 fuligine
962 1384 1100 1433 pallet.

164 1445 221 1476 est
245 1440 324 1488 qui,
352 1439 448 1476 dum
473 1440 617 1476 tellure
642 1440 772 1478 latens
797 1440 999 1477 desiderat
1025 1452 1177 1483 aurum,

163 1495 232 1532 dat
253 1496 420 1544 magicis
440 1508 603 1544 operam
626 1496 768 1532 studiis
791 1503 827 1533 et
850 1503 1032 1544 tempora
1052 1497 1209 1545 perdit;

162 1551 259 1600 quid
285 1552 438 1588 levius?
497 1552 594 1601 quid
621 1552 810 1589 futilius?
868 1553 965 1601 quid
993 1554 1151 1589 inanius
1176 1554 1394 1602 umquam?

163 1608 308 1653 omnia,
334 1620 383 1645 ne
409 1609 571 1645 veniant
597 1608 647 1645 ad
675 1620 774 1657 opus
800 1609 958 1646 telluris
984 1616 1021 1646 et
1048 1610 1147 1658 agri,

163 1664 297 1701 omnia
321 1670 617 1712 pertemptant3
645 1671 688 1701 ut
714 1671 836 1713 agant
862 1665 978 1707 nihil,
1005 1666 1141 1702 omnia
1164 1672 1335 1702 versant.

162 1732 315 1768 semper
336 1727 473 1769 agunt,
496 1733 715 1770 numquam
738 1727 948 1769 peragunt.
1009 1734 1056 1758 ex
1079 1721 1243 1759 faenore
1265 1722 1415 1759 victum
1481 1724 1554 1759 140

163 1775 355 1813 infamem
383 1783 645 1825 extorquent3
676 1778 726 1818 vi,
756 1777 901 1814 fraude
929 1777 1111 1826 dolisque
1140 1778 1337 1814 laborant.

161 1831 271 1868 mille
294 1833 368 1868 viis
390 1833 545 1881 opibus,
568 1833 680 1870 mille
704 1833 946 1870 insidiantur
968 1834 1124 1871 honori.

162 1900 232 1925 nos
255 1900 396 1936 capras
420 1895 456 1925 et
480 1901 573 1925 oves
597 1895 855 1938 armentaque
879 1891 1090 1938 pascimus,
1118 1890 1180 1926 illi

161 1945 381 1992 accipitres,
407 1945 561 1982 catulos
582 1951 620 1981 et
642 1957 763 1994 equos
785 1951 823 1982 et
845 1946 1153 1994 cercopithecos.

160 2001 330 2037 rusticus
352 2006 409 2037 est
429 2001 565 2038 ovium
587 2007 734 2049 pastor,
758 2002 1048 2051 volucrumque
1070 2014 1293 2051 canumque

160 2057 282 2101 civis;
310 2062 446 2093 utrum
470 2057 623 2101 melius,
650 2063 687 2094 te
714 2057 855 2103 iudice,
883 2058 1149 2107 nobiliusque,

160 2125 182 2149 o
206 2113 358 2158 Fulica‚
380 2113 537 2150 utilitas
556 2113 662 2150 unde
684 2120 721 2150 et
743 2114 952 2162 opulentia
973 2115 1127 2151 maior?

213 2168 260 2205 F.
293 2168 335 2205 Si
359 2170 467 2205 venit
492 2181 539 2205 ex
562 2170 708 2206 nostris
733 2170 863 2218 operis
888 2170 1097 2218 opulentia
1120 2172 1259 2215 maior,

159 2225 312 2262 civibus
334 2225 440 2261 unde
463 2226 586 2274 igitur
608 2231 811 2262 tantarum
835 2227 951 2274 copia
973 2227 1133 2263 rerum?

217 2280 262 2318 C.
297 2281 361 2317 Ex
378 2281 429 2327 vi,
448 2280 606 2325 fraude,
625 2281 754 2329 dolis;
774 2283 825 2325 vi,
846 2280 992 2318 fraude
1009 2282 1193 2331 dolisque
1211 2283 1409 2320 laborant.
1476 2285 1548 2321 150

159 2349 289 2374 nonne
314 2337 437 2379 vides,
463 2337 611 2382 insane,
637 2344 681 2374 ut
704 2350 776 2375 nos
803 2338 1018 2375 crudeliter
1043 2345 1200 2388 urgent,

159 2405 235 2442 quo
261 2394 426 2441 capiunt
450 2393 565 2430 astu?
623 2405 695 2431 nos
718 2394 872 2431 irretire
896 2394 1099 2443 loquendo

159 2461 315 2486 sacrum
338 2449 483 2487 offerre
505 2454 650 2498 putant
672 2456 709 2486 et
732 2462 832 2498 opus
855 2450 1025 2488 sublime
1048 2451 1250 2500 piumque.

159 2505 235 2542 huc
256 2518 370 2543 aures
392 2505 607 2554 oculosque
630 2505 812 2555 adigunt,
834 2506 913 2543 huc
936 2519 1006 2544 ora
1026 2519 1258 2557 manusque.

211 2562 258 2598 F.
292 2561 413 2599 Unde
434 2561 679 2598 urbanarum
702 2562 775 2599 tibi
798 2568 911 2599 tanta
933 2563 1078 2611 peritia
1101 2564 1260 2600 rerum?

214 2618 258 2658 C.
293 2619 408 2656 Haec
429 2617 554 2656 didici
575 2617 779 2668 quondam
801 2617 932 2658 ductis
954 2619 994 2657 in
1014 2620 1171 2658 moenia
1192 2621 1335 2671 capris,
