1849 2845
730 231 926 264 ECLOGA
952 233 1005 264 Η.
1030 242 1109 272 1-74
1563 234 1611 273 69

283 332 441 382 Pauper
465 339 504 370 et
528 333 678 371 infesto
702 334 774 370 sub
800 334 928 371 sidere
953 340 1070 372 natus
1095 336 1291 384 Amyntas

225 400 293 425 sex
313 389 461 436 vitulos
483 389 729 438 totidemque
749 401 865 438 pares
887 396 1015 427 aetate
1038 391 1225 428 iuvencas

224 445 473 494 armentique
496 451 652 493 patrem
674 445 824 482 ducens
846 446 888 482 in
910 457 1060 494 pascua
1081 453 1241 484 taurum

224 500 459 548 venerat—ad
483 501 657 547 Coitum,
680 501 820 538 nitidis
840 502 910 539 ubi
935 502 1112 540 Mincius
1132 502 1251 539 undis

224 556 343 594 alluit
366 557 555 605 herbosos
578 557 742 606 fugiens
764 558 980 606 perniciter
1004 570 1134 607 agros.

210 624 297 661 *QX
316 624 422 650 nova
442 619 606 662 propter
627 625 750 662 aquas
771 614 950 662 pinnatis
971 614 1099 652 ardua
1117 615 1243 651 muris
1583 655 1586 659 ,

224 674 282 705 est
307 668 459 715 Coitus,
486 681 626 718 campo
650 669 774 707 moles
799 669 975 707 fundata
999 670 1182 719 palustri.
1562 673 1613 707 40

224 725 289 761 hic
311 725 435 774 igitur
458 726 652 762 recubans
674 726 791 762 vitrei
814 737 939 774 prope
962 725 1136 763 fluminis
1159 726 1322 769 undam,

224 781 316 817 vitis
337 781 407 818 ubi
429 781 675 830 amplectens
697 781 830 830 longis
852 781 1015 819 dumeta
1035 782 1197 819 lacertis

224 837 266 873 in
290 837 394 874 vada
418 844 584 874 curvata
607 838 717 886 ripae
743 838 1011 886 supereminet
1033 838 1188 883 umbra,

223 893 399 941 piscibus
423 893 590 930 insidias
612 893 801 930 tendebat
824 893 1050 930 harundine
1075 900 1113 931 et
1135 894 1266 932 hamo.
1319 902 1323 915 ³
1360 914 1411 929 ·,--

224 949 360 986 messis
390 955 495 986 erat:
528 949 623 987 solis
653 949 787 998 rapidi
816 949 1010 987 violentia
1038 961 1200 998 campos

224 1005 396 1042 sciderat
416 1012 583 1051 arentes,
606 1005 728 1043 finem
748 1005 983 1054 philomena
1002 1005 1173 1042 canendi

225 1060 389 1107 fecerat,
413 1067 451 1098 et
471 1073 600 1110 neque
620 1061 703 1107 lux,
726 1062 876 1110 passim
896 1062 1159 1099 morientibus
1180 1062 1325 1105 herbis,

224 1128 385 1166 pascere
407 1129 498 1155 oves
518 1123 675 1166 poterat
695 1129 823 1166 neque
842 1130 923 1155 nox
942 1129 1081 1154 umore
1101 1117 1272 1154 cicadas.

224 1172 399 1222 dumque
424 1173 620 1210 incumbit
645 1175 759 1222 aquis
785 1174 997 1222 studioque
1023 1174 1197 1210 intendit
1222 1175 1344 1216 inani,

225 1236 362 1267 taurus
393 1229 456 1277 (ut
479 1229 662 1266 auditum
683 1230 761 1277 est)
793 1230 968 1278 primum
990 1236 1156 1266 vexatus
1179 1230 1227 1266 ab
1252 1236 1393 1274 oestro,
1566 1231 1614 1266 50

224 1298 317 1323 mox
341 1286 517 1331 canibus,
543 1286 705 1322 demum
727 1285 861 1322 furaci
884 1298 908 1323 a
928 1286 1058 1322 milite
1081 1285 1193 1322 silvis
1257 1297 1269 1327 3
1295 1301 1346 1325 w»

225 1341 385 1379 abditus
411 1354 459 1378 ex
483 1348 568 1379 toto
594 1341 809 1379 confestim
834 1342 996 1378 evanuit
1021 1353 1131 1390 agro.

281 1397 403 1445 Quod
429 1409 528 1446 puer
551 1404 597 1434 ut
620 1399 745 1444 novit,
772 1397 974 1435 tumulum
998 1397 1230 1435 conscendit
1256 1404 1294 1434 et
1320 1397 1405 1434 alta

224 1465 321 1492 voce
338 1454 482 1492 bovem
502 1454 680 1491 clamans
700 1453 824 1506 longo
844 1465 940 1491 rura
959 1454 1094 1491 omnia
1113 1454 1202 1508 visu

224 1511 430 1559 prospicit.
489 1516 535 1547 ut
558 1509 713 1547 frustra
734 1510 811 1547 niti
834 1521 875 1547 se
898 1510 1105 1558 comperit,
1131 1521 1268 1546 arcum

224 1567 392 1615 corripit
413 1572 452 1603 et
473 1566 704 1614 pharetram
727 1566 983 1615 sequiturque
1005 1577 1075 1614 per
1098 1566 1208 1602 invia
1229 1572 1400 1602 taurum.

225 1622 343 1660 illum
367 1634 439 1671 per
465 1622 601 1659 caulas
625 1628 663 1659 et
689 1634 759 1671 per
784 1622 945 1659 stabula
969 1622 1104 1659 omnia
1129 1633 1322 1670 quaerens

225 1690 296 1727 per
315 1678 450 1724 colles,
474 1678 642 1724 Benace,
666 1684 765 1723 tu05‚
789 1689 860 1726 per
882 1678 1037 1715 consita
1057 1677 1174 1714 olivis

213 1735 375 1784 iugera,
398 1746 470 1783 per
489 1734 637 1771 virides
658 1733 745 1771 ficis
767 1740 804 1770 et
825 1734 974 1770 vitibus
996 1745 1125 1782 agros,

225 1796 388 1828 venerat
412 1790 463 1828 ad
488 1791 657 1828 sublime
681 1791 820 1839 iugum
845 1789 953 1839 quod
979 1789 1186 1837 sulphuris
1209 1801 1340 1826 arcem
1565 1789 1616 1825 60

226 1847 399 1884 sustinet·
417 1852 456 1884 et
480 1846 612 1895 longis
638 1847 767 1895 aperit
792 1846 1070 1898 prospectibus
1095 1845 1211 1882 illinc

227 1903 443 1948 Benacum,
468 1901 564 1940 hinc
586 1914 748 1951 campos
772 1902 893 1951 longe
917 1902 1076 1950 lateque
1101 1907 1294 1950 patentes.

226 1960 298 1996 lux
323 1971 370 1996 ea
393 1970 507 1996 sacra
532 1958 612 1996 fuit
640 1959 781 1996 Petro:
813 1957 1030 1996 frondente
1057 1957 1129 1994 sub
1155 1956 1266 1994 ulmo

226 2016 354 2052 mixta
374 2021 459 2052 erat
481 2026 529 2052 ex
552 2015 660 2053 omni
682 2014 806 2063 pubes
829 2020 920 2063 post
942 2013 1116 2062 prandia
1136 2014 1224 2050 vico

226 2071 476 2120 ducebatque
502 2071 608 2108 leves
632 2071 742 2108 buxo
767 2076 979 2108 resonante
1005 2069 1180 2107 choreas.

280 2127 381 2164 Fau.
414 2127 584 2164 Rustica
607 2138 715 2176 gens,
740 2126 858 2163 nulla
883 2137 1007 2175 genus
1031 2131 1117 2162 arte
1140 2125 1354 2170 domabile,
1381 2135 1535 2172 semper

226 2184 486 2233 irrequietum
509 2182 671 2229 animal,
699 2182 847 2232 gaudet
870 2181 1026 2219 sudore.
1086 2187 1250 2230 peracto

226 2252 342 2277 mane
365 2251 477 2278 sacro
501 2239 607 2276 festa
637 2238 819 2288 (quando
844 2238 1027 2276 omnibus
1051 2237 1153 2285 otia)
1186 2237 1274 2274 luce

228 2297 316 2345 ipsa
334 2297 393 2334 oti
413 2306 460 2332 ac
480 2294 603 2332 famis
624 2295 838 2344 impatiens
860 2294 1047 2342 epulatur
1070 2300 1108 2330 et
1130 2292 1273 2341 implet

227 2352 460 2402 ingluviem.
520 2350 658 2389 audito
683 2356 874 2399 properat
898 2349 1062 2386 tibicine
1087 2349 1138 2386 ad
1162 2349 1318 2386 ulmum
1331 2361 1342 2395 ;
1569 2349 1617 2385 70

227 2409 293 2446 hic
316 2407 431 2453 furit,
456 2407 523 2450 hic
546 2407 652 2450 saltu
676 2406 808 2444 fertur
830 2406 943 2443 bovis
967 2406 1093 2442 instar
1118 2404 1171 2442 ad
1194 2415 1322 2441 auras.

228 2476 349 2514 quam
372 2464 511 2501 rastris
534 2474 693 2501 versare
716 2462 833 2507 nefas
858 2468 896 2499 et
919 2473 1077 2498 vomere
1102 2467 1249 2497 terram

228 2520 405 2558 calcibus
431 2519 596 2557 obduris
619 2524 657 2556 et
683 2518 801 2555 inerti
825 2517 931 2555 mole
957 2516 1107 2566 fatigat

229 2588 274 2614 ac
296 2576 405 2622 ferit,
428 2582 465 2613 et
486 2582 571 2613 tota
592 2574 754 2612 Baccho
774 2573 877 2611 facit
897 2574 1012 2622 orgia
1033 2572 1121 2610 luce
