1798 2784
189 183 241 218 80
594 179 867 211 BAPTJSTAE
891 179 1170 212 MANTUANI

190 284 266 320 ista
288 283 503 320 iuventutis
523 282 666 320 levitas
687 293 780 319 rura
799 282 937 319 omnia
956 287 1085 318 vexat.

245 339 292 375 A.
326 338 446 386 Quod
467 338 606 387 nequit
627 337 844 386 ingenium,
867 348 981 375 casus
1002 337 1114 374 facit.
1172 349 1195 374 ο
1219 342 1371 385 stupor,
1393 349 1416 374 o
1437 348 1521 373 sors

191 395 408 444 ingeniosa.
437 407 458 432 o
485 406 546 431 res
571 394 653 430 risu
679 393 921 431 celebranda
945 393 1144 430 bimestri!

196 451 329 496 Ianne,
357 449 455 487 fides
482 449 677 486 servanda
693 462 701 495 ;
730 449 801 486 tibi
829 449 1061 498 philomena
1086 449 1254 486 laborat.

191 506 258 543 sed
281 506 389 555 quod
414 513 495 543 tarn
519 505 637 543 vafro
660 517 856 543 memoras
880 505 929 542 de
952 505 1121 554 virginis
1145 510 1234 542 astu

191 562 345 599 rettulit
370 563 411 598 in
432 568 604 598 mentem
626 573 726 610 quae
750 561 921 609 psallere
945 572 1060 610 saepe
1083 560 1236 599 solebat
1525 561 1578 597 80

191 619 369 655 carmina
394 617 579 654 femineis
602 617 698 655 olim
723 617 772 654 de
798 616 1011 654 fraudibus
1038 616 1203 654 Umber.

245 675 280 711 J.
315 674 392 711 Dic
416 673 573 713 Umbri.
597 673 674 719 dic,
698 674 729 710 si
752 673 848 722 quid
871 673 1004 710 habes.
1063 672 1257 710 meditare
1281 683 1497 721 parumper

191 736 228 767 et
248 730 369 767 verba
389 736 427 767 et
447 741 656 777 numeros3
681 729 827 766 Umbri
847 735 904 766 est
925 729 1183 767 memorabile
1205 739 1376 766 carmen.

246 787 295 824 A.
329 785 403 823 Est
435 787 498 834 (ut
523 786 600 833 ais)
633 785 702 822 sed
725 797 806 823 non
833 785 966 835 gratis,
992 784 1251 822 memorabile
1275 795 1446 822 carmen.

192 854 290 892 quas
314 842 464 879 referes
489 842 648 891 grates?
705 847 742 878 et
768 841 864 891 quid
889 841 1082 878 mercedis
1106 840 1288 878 habebo?

247 899 281 934 J.
314 898 486 946 Accipe:
520 898 724 946 promissis
751 897 916 935 absolvo
942 903 980 934 et
1006 896 1161 945 spicula
1187 895 1324 934 reddo.

247 955 296 992 Α.
332 954 439 991 Dum
462 954 564 991 vado
589 954 639 991 ad
661 959 839 990 ventrem
863 959 953 1002 post
975 953 1074 990 haec
1096 958 1254 990 carecta
1275 951 1503 996 levandum,

200 1012 334 1052 lanne,
357 1022 488 1048 meum
514 1017 556 1047 tu
580 1021 676 1059 coge
700 1021 831 1058 pecus,
857 1021 906 1046 ne
928 1009 1077 1046 vitibus
1100 1008 1215 1046 obsit.

249 1067 283 1103 I.
316 1066 352 1104 O
375 1067 487 1112 aries,
511 1067 623 1111 aries,
645 1066 714 1115 qui
733 1066 848 1103 tortis
868 1065 1055 1103 cornibus
1076 1071 1207 1102 atrum

194 1123 389 1161 daemona
415 1128 656 1171 praesentas,
683 1133 837 1170 semper
861 1122 997 1158 vineta
1020 1121 1232 1158 subintras.
1530 1120 1582 1156 90

195 1191 274 1217 non
296 1179 426 1228 sapies
446 1178 574 1216 donec
595 1178 705 1216 fossa
726 1178 799 1215 tibi
820 1177 974 1214 lumina
997 1176 1132 1214 fronte

195 1247 345 1273 eruero.
404 1246 486 1272 non
509 1240 601 1271 sunt
625 1239 810 1282 porrecta
833 1234 872 1270 in
898 1234 1035 1282 iugera
1059 1238 1217 1270 centurn

197 1303 345 1339 pascua
367 1297 439 1335 sat,
462 1291 539 1327 nisi
563 1290 798 1339 pampineos
820 1289 1026 1338 populeris
1049 1295 1086 1326 et
1109 1300 1237 1337 agros.

250 1347 300 1384 A.
334 1347 472 1392 Ianne,
498 1346 730 1384 recordatus
756 1345 886 1392 redeo,
913 1345 981 1382 sed
1006 1345 1183 1393 plurima
1208 1343 1345 1382 forsan

198 1404 376 1442 nondum
402 1410 498 1440 nota
522 1403 595 1440 tibi
620 1401 806 1439 referam.
867 1407 1109 1450 cognoverat
1137 1400 1290 1437 Umber

195 1460 330 1497 omnia
352 1471 453 1509 quae
476 1459 540 1496 fas
562 1465 619 1496 est
641 1459 794 1496 homini
816 1457 1053 1507 perdiscere,
1077 1457 1221 1502 caelos,

197 1516 340 1562 sidera,
366 1515 564 1561 tellurem,
590 1521 742 1560 ventos,
766 1525 887 1560 mare,
913 1513 1090 1559 flumina,
1117 1512 1264 1551 fontes.

197 1572 352 1609 viderat
377 1578 415 1609 et
440 1571 667 1619 Rhodopen
694 1577 813 1619 atque
839 1570 922 1607 alta
949 1569 1151 1608 Ceraunia
1175 1574 1213 1606 et
1241 1567 1396 1614 Ossam,

199 1628 361 1665 Gallica
383 1639 519 1677 regna,
544 1628 718 1672 Ararim,
742 1626 989 1664 Rhodanum
1012 1625 1273 1674 Tiberimque
1298 1623 1543 1672 Padumque.

196 1685 333 1722 Attica
359 1685 552 1722 Romanis
576 1683 777 1720 referebat
801 1683 981 1720 carmina
1003 1682 1135 1719 verbis
1511 1680 1586 1717 100

198 1753 265 1779 ore
286 1747 455 1790 utroque
477 1746 618 1789 potens
641 1746 679 1777 et
702 1740 843 1789 lingua
865 1739 1018 1787 primus
1039 1744 1221 1787 utraque.

199 1797 305 1834 hunc
326 1809 450 1834 unum
473 1796 588 1834 nobis
611 1795 757 1833 invidit
782 1794 953 1833 Graecia
975 1800 1013 1832 et
1036 1794 1113 1842 ipsi

200 1853 378 1890 Arcades
402 1860 439 1889 et
464 1853 670 1889 Thracum
695 1851 822 1889 saltus
845 1857 883 1888 et
907 1850 1106 1888 Thessala
1128 1850 1294 1898 Tempe.

199 1910 231 1946 si
253 1909 349 1958 quid
372 1910 446 1946 erit
468 1908 575 1957 quod
597 1908 705 1946 forte
726 1907 825 1944 velis
847 1907 920 1944 tibi
940 1907 1075 1944 notius
1097 1917 1190 1951 esse,

200 1965 410 2003 Candidus
433 1965 542 2002 illius
565 1975 719 2013 semper
741 1963 983 2001 documenta
1005 1968 1161 2000 secutus

201 2034 280 2060 non
304 2021 445 2070 procul
468 2021 586 2067 hinc,
611 2021 708 2057 haec
731 2020 801 2057 ille
824 2025 942 2065 tenet,
967 2030 1040 2057 nos
1063 2018 1132 2055 ille
1155 2017 1326 2056 docebit.

200 2078 267 2115 sed
291 2078 370 2114 iarn
390 2076 625 2125 septiforem
646 2075 743 2113 flatu
765 2076 1018 2124 experiamur
1039 2086 1218 2111 avenam.

201 2141 292 2170 ante
316 2140 450 2171 tamen
478 2133 692 2182 Nymphae
717 2143 857 2181 precor
881 2138 926 2169 ut
950 2130 1204 2168 Libethrides
1228 2129 1373 2175 adsint,

202 2190 434 2239 praesertim
463 2201 562 2238 quae
590 2189 682 2237 plus
707 2189 932 2226 meminisse
963 2187 1175 2236 Polymnia
1201 2185 1344 2223 fertur.

258 2246 265 2261 ¹
286 2246 517 2283 Femineum
542 2246 684 2282 servile
711 2255 845 2293 genus,
871 2243 1044 2290 crudele,
1070 2242 1296 2291 superbum,
1514 2240 1589 2277 110

202 2302 301 2352 lege,
330 2301 462 2347 modo,
493 2302 646 2339 ratione
674 2306 793 2338 caret.
853 2299 1028 2337 confinia
1055 2299 1152 2335 recti

201 2358 392 2408 neglegit,
418 2357 603 2394 extremis
628 2356 787 2405 gaudet,
814 2355 915 2393 facit
939 2355 1073 2394 omnia
1096 2360 1190 2391 voto

205 2414 426 2462 praecipiti,
455 2413 518 2450 vel
547 2413 657 2450 lenta
683 2413 784 2450 iacet
811 2412 874 2449 vel
902 2411 1060 2450 concita
1085 2411 1234 2455 currit;

203 2470 357 2508 femina
379 2481 533 2518 semper
556 2469 681 2505 hiems
705 2474 824 2517 atque
847 2466 1101 2504 intractabile
1127 2465 1271 2514 frigus,

203 2533 270 2564 aut
295 2525 417 2563 Canis
439 2525 622 2562 ardentes
644 2524 854 2561 contristat
877 2523 1004 2560 sidere
1028 2529 1163 2559 terras.
