<?xml version="1.0" encoding="UTF-8"?>
<!DOCTYPE html PUBLIC "-//W3C//DTD XHTML 1.0 Transitional//EN"
    "http://www.w3.org/TR/xhtml1/DTD/xhtml1-transitional.dtd">
<html xmlns="http://www.w3.org/1999/xhtml" xml:lang="en" lang="en">
 <head>
  <title>
</title>
<meta http-equiv="Content-Type" content="text/html;charset=utf-8" />
  <meta name='ocr-system' content='tesseract 3.04.00' />
  <meta name='ocr-capabilities' content='ocr_page ocr_carea ocr_par ocr_line ocrx_word'/>
</head>
<body>
  <div class='ocr_page' id='page_1' title='image "./eclogueseditedwi00baptuoft_0074.png"; bbox 0 0 1798 2784; ppageno 0'>
   <div class='ocr_carea' id='block_1_1' title="bbox 23 61 676 155">
    <p class='ocr_par' dir='ltr' id='par_1_1' title="bbox 23 61 676 155">
     <span class='ocr_line' id='line_1_1' title="bbox 23 61 676 155; baseline 0.002 -35"><span class='ocrx_word' id='word_1_1' title='bbox 23 86 78 120; x_wconf 51' lang='grc' dir='ltr'>ς*</span> <span class='ocrx_word' id='word_1_2' title='bbox 120 70 342 150; x_wconf 27' lang='lat' dir='ltr'>*Mu-f</span> <span class='ocrx_word' id='word_1_3' title='bbox 363 61 498 127; x_wconf 36' lang='lat'>(³224</span> <span class='ocrx_word' id='word_1_4' title='bbox 526 91 676 155; x_wconf 65' lang='lat' dir='ltr'>&#39;&#39;l-s?</span> 
     </span>
    </p>
   </div>
   <div class='ocr_carea' id='block_1_2' title="bbox 19 149 62 196">
    <p class='ocr_par' dir='ltr' id='par_1_2' title="bbox 19 149 62 196">
     <span class='ocr_line' id='line_1_2' title="bbox 19 149 62 196; baseline 0 0"><span class='ocrx_word' id='word_1_5' title='bbox 19 149 62 196; x_wconf 63' lang='lat' dir='ltr'><em>J</em></span> 
     </span>
    </p>
   </div>
   <div class='ocr_carea' id='block_1_3' title="bbox 244 149 1222 300">
    <p class='ocr_par' dir='ltr' id='par_1_3' title="bbox 244 149 1222 300">
     <span class='ocr_line' id='line_1_3' title="bbox 272 149 555 233; baseline 0 -19"><span class='ocrx_word' id='word_1_6' title='bbox 272 171 293 184; x_wconf 80' lang='grc'><strong>“</strong></span> <span class='ocrx_word' id='word_1_7' title='bbox 371 149 453 205; x_wconf 64' lang='grc' dir='ltr'>οι*</span> <span class='ocrx_word' id='word_1_8' title='bbox 471 174 555 233; x_wconf 67' lang='lat'>557</span> 
     </span>
     <span class='ocr_line' id='line_1_4' title="bbox 244 264 1222 300; baseline 0.009 -9"><span class='ocrx_word' id='word_1_9' title='bbox 244 264 294 299; x_wconf 80' lang='lat'>64</span> <span class='ocrx_word' id='word_1_10' title='bbox 649 265 921 297; x_wconf 86' lang='lat' dir='ltr'><em>BAPTISTAE</em></span> <span class='ocrx_word' id='word_1_11' title='bbox 946 266 1222 300; x_wconf 86' lang='lat' dir='ltr'><em>MANTUANI</em></span> 
     </span>
    </p>
   </div>
   <div class='ocr_carea' id='block_1_4' title="bbox 226 367 1626 2661">
    <p class='ocr_par' dir='ltr' id='par_1_4' title="bbox 226 367 1626 2661">
     <span class='ocr_line' id='line_1_5' title="bbox 242 367 1212 420; baseline 0.007 -18"><span class='ocrx_word' id='word_1_12' title='bbox 242 377 354 414; x_wconf 86' lang='lat' dir='ltr'>quae,</span> <span class='ocrx_word' id='word_1_13' title='bbox 377 372 589 416; x_wconf 85' lang='lat' dir='ltr'>postquam</span> <span class='ocrx_word' id='word_1_14' title='bbox 613 367 716 405; x_wconf 89' lang='lat' dir='ltr'>latos</span> <span class='ocrx_word' id='word_1_15' title='bbox 738 367 831 405; x_wconf 87' lang='lat' dir='ltr'>altis</span> <span class='ocrx_word' id='word_1_16' title='bbox 852 369 1072 419; x_wconf 84' lang='lat' dir='ltr'>mugitibus</span> <span class='ocrx_word' id='word_1_17' title='bbox 1093 383 1212 420; x_wconf 90' lang='lat' dir='ltr'>agros</span> 
     </span>
     <span class='ocr_line' id='line_1_6' title="bbox 241 423 1237 473; baseline 0.006 -14"><span class='ocrx_word' id='word_1_18' title='bbox 241 423 469 471; x_wconf 90' lang='lat' dir='ltr'>complevit,</span> <span class='ocrx_word' id='word_1_19' title='bbox 495 424 671 461; x_wconf 86' lang='lat' dir='ltr'>residens</span> <span class='ocrx_word' id='word_1_20' title='bbox 696 425 866 473; x_wconf 89' lang='lat' dir='ltr'>pallenti</span> <span class='ocrx_word' id='word_1_21' title='bbox 889 426 975 464; x_wconf 90' lang='lat' dir='ltr'>sola</span> <span class='ocrx_word' id='word_1_22' title='bbox 998 427 1070 464; x_wconf 91' lang='lat' dir='ltr'>sub</span> <span class='ocrx_word' id='word_1_23' title='bbox 1093 427 1237 465; x_wconf 86' lang='lat' dir='ltr'>umbra</span> 
     </span>
     <span class='ocr_line' id='line_1_7' title="bbox 243 480 1360 529; baseline 0.005 -14"><span class='ocrx_word' id='word_1_24' title='bbox 243 480 425 528; x_wconf 88' lang='lat' dir='ltr'>gramina</span> <span class='ocrx_word' id='word_1_25' title='bbox 448 492 529 518; x_wconf 91' lang='lat' dir='ltr'>non</span> <span class='ocrx_word' id='word_1_26' title='bbox 555 482 685 529; x_wconf 89' lang='lat' dir='ltr'>carpit</span> <span class='ocrx_word' id='word_1_27' title='bbox 710 493 782 518; x_wconf 92' lang='lat' dir='ltr'>nec</span> <span class='ocrx_word' id='word_1_28' title='bbox 807 481 983 520; x_wconf 90' lang='lat' dir='ltr'>fluminis</span> <span class='ocrx_word' id='word_1_29' title='bbox 1006 483 1174 521; x_wconf 86' lang='lat' dir='ltr'>attrahit</span> <span class='ocrx_word' id='word_1_30' title='bbox 1199 484 1360 521; x_wconf 89' lang='lat' dir='ltr'>undam.</span> 
     </span>
     <span class='ocr_line' id='line_1_8' title="bbox 296 534 1253 590; baseline 0.003 -16"><span class='ocrx_word' id='word_1_31' title='bbox 296 534 375 574; x_wconf 91' lang='lat' dir='ltr'>Sed</span> <span class='ocrx_word' id='word_1_32' title='bbox 401 536 498 585; x_wconf 91' lang='lat' dir='ltr'>quid</span> <span class='ocrx_word' id='word_1_33' title='bbox 524 537 694 574; x_wconf 90' lang='lat' dir='ltr'>circuitu</span> <span class='ocrx_word' id='word_1_34' title='bbox 721 538 836 586; x_wconf 92' lang='lat' dir='ltr'>pario</span> <span class='ocrx_word' id='word_1_35' title='bbox 861 538 934 576; x_wconf 90' lang='lat' dir='ltr'>tibi</span> <span class='ocrx_word' id='word_1_36' title='bbox 959 538 1093 576; x_wconf 89' lang='lat' dir='ltr'>taedia</span> <span class='ocrx_word' id='word_1_37' title='bbox 1118 539 1253 590; x_wconf 90' lang='lat' dir='ltr'>longo,</span> 
     </span>
     <span class='ocr_line' id='line_1_9' title="bbox 239 591 1364 645; baseline 0.004 -16"><span class='ocrx_word' id='word_1_38' title='bbox 239 591 336 629; x_wconf 91' lang='lat' dir='ltr'>dum</span> <span class='ocrx_word' id='word_1_39' title='bbox 360 603 503 642; x_wconf 92' lang='lat' dir='ltr'>sequor</span> <span class='ocrx_word' id='word_1_40' title='bbox 527 593 715 642; x_wconf 86' lang='lat' dir='ltr'>ambages</span> <span class='ocrx_word' id='word_1_41' title='bbox 738 599 776 630; x_wconf 91' lang='lat' dir='ltr'>et</span> <span class='ocrx_word' id='word_1_42' title='bbox 798 594 921 632; x_wconf 90' lang='lat' dir='ltr'>verba</span> <span class='ocrx_word' id='word_1_43' title='bbox 943 600 981 632; x_wconf 90' lang='lat' dir='ltr'>et</span> <span class='ocrx_word' id='word_1_44' title='bbox 1006 600 1189 644; x_wconf 89' lang='lat' dir='ltr'>tempora</span> <span class='ocrx_word' id='word_1_45' title='bbox 1211 595 1364 645; x_wconf 81' lang='lat' dir='ltr'>perdo?</span> 
     </span>
     <span class='ocr_line' id='line_1_10' title="bbox 239 648 1230 700; baseline 0.004 -15"><span class='ocrx_word' id='word_1_46' title='bbox 239 660 394 685; x_wconf 85' lang='lat' dir='ltr'>summa</span> <span class='ocrx_word' id='word_1_47' title='bbox 418 648 536 686; x_wconf 90' lang='lat' dir='ltr'>haec:</span> <span class='ocrx_word' id='word_1_48' title='bbox 568 649 710 686; x_wconf 90' lang='lat' dir='ltr'>vitales</span> <span class='ocrx_word' id='word_1_49' title='bbox 735 661 852 687; x_wconf 90' lang='lat' dir='ltr'>auras</span> <span class='ocrx_word' id='word_1_50' title='bbox 877 651 1026 688; x_wconf 90' lang='lat' dir='ltr'>invitus</span> <span class='ocrx_word' id='word_1_51' title='bbox 1051 651 1230 700; x_wconf 88' lang='lat' dir='ltr'>agebam.</span> 
     </span>
     <span class='ocr_line' id='line_1_11' title="bbox 239 704 1268 756; baseline 0.004 -15"><span class='ocrx_word' id='word_1_52' title='bbox 239 704 347 753; x_wconf 92' lang='lat' dir='ltr'>quod</span> <span class='ocrx_word' id='word_1_53' title='bbox 367 705 399 743; x_wconf 92' lang='lat' dir='ltr'>si</span> <span class='ocrx_word' id='word_1_54' title='bbox 421 704 527 742; x_wconf 84' lang='lat' dir='ltr'>forte</span> <span class='ocrx_word' id='word_1_55' title='bbox 548 705 687 744; x_wconf 90' lang='lat' dir='ltr'>volens</span> <span class='ocrx_word' id='word_1_56' title='bbox 706 717 944 755; x_wconf 85' lang='lat' dir='ltr'>cognoscere</span> <span class='ocrx_word' id='word_1_57' title='bbox 965 707 1126 756; x_wconf 86' lang='lat' dir='ltr'>singula</span> <span class='ocrx_word' id='word_1_58' title='bbox 1146 707 1268 754; x_wconf 74' lang='lat' dir='ltr'>dicaS,</span> 
     </span>
     <span class='ocr_line' id='line_1_12' title="bbox 241 760 1626 813; baseline 0.004 -16"><span class='ocrx_word' id='word_1_59' title='bbox 241 760 248 775; x_wconf 88' lang='lat'>‘</span> <span class='ocrx_word' id='word_1_60' title='bbox 269 760 301 797; x_wconf 92' lang='lat' dir='ltr'><strong>F</strong></span> <span class='ocrx_word' id='word_1_61' title='bbox 303 766 426 806; x_wconf 88' lang='lat' dir='ltr'>auste‚</span> <span class='ocrx_word' id='word_1_62' title='bbox 451 762 540 810; x_wconf 89' lang='lat' dir='ltr'>quis</span> <span class='ocrx_word' id='word_1_63' title='bbox 564 762 607 798; x_wconf 88' lang='lat' dir='ltr'>in</span> <span class='ocrx_word' id='word_1_64' title='bbox 629 767 754 810; x_wconf 90' lang='lat' dir='ltr'>syrtes</span> <span class='ocrx_word' id='word_1_65' title='bbox 777 762 925 799; x_wconf 85' lang='lat' dir='ltr'>Auster</span> <span class='ocrx_word' id='word_1_66' title='bbox 949 768 986 800; x_wconf 88' lang='lat' dir='ltr'>te</span> <span class='ocrx_word' id='word_1_67' title='bbox 1010 763 1232 813; x_wconf 87' lang='lat' dir='ltr'>impegerat</span> <span class='ocrx_word' id='word_1_68' title='bbox 1257 764 1352 801; x_wconf 87' lang='lat' dir='ltr'>istas</span> <span class='ocrx_word' id='word_1_69' title='bbox 1363 764 1390 801; x_wconf 80' lang='lat' dir='ltr'>P‘</span> <span class='ocrx_word' id='word_1_70' title='bbox 1574 768 1626 802; x_wconf 89' lang='lat'>40</span> 
     </span>
     <span class='ocr_line' id='line_1_13' title="bbox 238 817 1351 868; baseline 0.003 -14"><span class='ocrx_word' id='word_1_71' title='bbox 238 828 300 854; x_wconf 92' lang='lat' dir='ltr'>me</span> <span class='ocrx_word' id='word_1_72' title='bbox 324 829 413 854; x_wconf 92' lang='lat' dir='ltr'>mea</span> <span class='ocrx_word' id='word_1_73' title='bbox 444 817 603 866; x_wconf 90' lang='lat' dir='ltr'>(verum</span> <span class='ocrx_word' id='word_1_74' title='bbox 627 818 773 855; x_wconf 88' lang='lat' dir='ltr'>etenim</span> <span class='ocrx_word' id='word_1_75' title='bbox 798 818 883 865; x_wconf 88' lang='lat' dir='ltr'>tibi,</span> <span class='ocrx_word' id='word_1_76' title='bbox 912 818 1144 865; x_wconf 89' lang='lat' dir='ltr'>Fortunate,</span> <span class='ocrx_word' id='word_1_77' title='bbox 1172 819 1351 868; x_wconf 87' lang='lat' dir='ltr'>fatebor)</span> 
     </span>
     <span class='ocr_line' id='line_1_14' title="bbox 238 873 1153 913; baseline 0.002 -3"><span class='ocrx_word' id='word_1_78' title='bbox 238 884 299 910; x_wconf 90' lang='lat' dir='ltr'>me</span> <span class='ocrx_word' id='word_1_79' title='bbox 320 885 410 911; x_wconf 90' lang='lat' dir='ltr'>mea</span> <span class='ocrx_word' id='word_1_80' title='bbox 433 873 556 912; x_wconf 88' lang='lat' dir='ltr'>Galla</span> <span class='ocrx_word' id='word_1_81' title='bbox 577 885 648 912; x_wconf 92' lang='lat' dir='ltr'>suo</span> <span class='ocrx_word' id='word_1_82' title='bbox 671 875 727 911; x_wconf 88' lang='lat' dir='ltr'>sic</span> <span class='ocrx_word' id='word_1_83' title='bbox 749 875 1064 912; x_wconf 89' lang='lat' dir='ltr'>circumvenerat</span> <span class='ocrx_word' id='word_1_84' title='bbox 1087 887 1153 913; x_wconf 91' lang='lat' dir='ltr'>ore</span> 
     </span>
     <span class='ocr_line' id='line_1_15' title="bbox 236 929 1255 978; baseline 0.002 -12"><span class='ocrx_word' id='word_1_85' title='bbox 236 935 280 966; x_wconf 90' lang='lat' dir='ltr'>ut</span> <span class='ocrx_word' id='word_1_86' title='bbox 301 935 461 978; x_wconf 87' lang='lat' dir='ltr'>captam</span> <span class='ocrx_word' id='word_1_87' title='bbox 482 929 634 978; x_wconf 89' lang='lat' dir='ltr'>pedicis</span> <span class='ocrx_word' id='word_1_88' title='bbox 656 930 879 968; x_wconf 87' lang='lat' dir='ltr'>circumdat</span> <span class='ocrx_word' id='word_1_89' title='bbox 899 942 1047 968; x_wconf 87' lang='lat' dir='ltr'>aranea</span> <span class='ocrx_word' id='word_1_90' title='bbox 1066 943 1255 968; x_wconf 91' lang='lat' dir='ltr'>muscam.</span> 
     </span>
     <span class='ocr_line' id='line_1_16' title="bbox 237 986 1308 1037; baseline 0.003 -15"><span class='ocrx_word' id='word_1_91' title='bbox 237 997 408 1035; x_wconf 85' lang='lat' dir='ltr'>namque</span> <span class='ocrx_word' id='word_1_92' title='bbox 432 992 517 1023; x_wconf 91' lang='lat' dir='ltr'>erat</span> <span class='ocrx_word' id='word_1_93' title='bbox 540 998 607 1023; x_wconf 91' lang='lat' dir='ltr'>ore</span> <span class='ocrx_word' id='word_1_94' title='bbox 630 987 775 1024; x_wconf 90' lang='lat' dir='ltr'>rubens</span> <span class='ocrx_word' id='word_1_95' title='bbox 799 992 837 1024; x_wconf 89' lang='lat' dir='ltr'>et</span> <span class='ocrx_word' id='word_1_96' title='bbox 860 986 982 1036; x_wconf 91' lang='lat' dir='ltr'>pleno</span> <span class='ocrx_word' id='word_1_97' title='bbox 1005 987 1169 1037; x_wconf 89' lang='lat' dir='ltr'>turgida</span> <span class='ocrx_word' id='word_1_98' title='bbox 1191 987 1308 1025; x_wconf 88' lang='lat' dir='ltr'>vultu</span> 
     </span>
     <span class='ocr_line' id='line_1_17' title="bbox 237 1043 1201 1092; baseline 0.001 -13"><span class='ocrx_word' id='word_1_99' title='bbox 237 1048 286 1088; x_wconf 89' lang='lat' dir='ltr'>et,</span> <span class='ocrx_word' id='word_1_100' title='bbox 311 1043 493 1092; x_wconf 90' lang='lat' dir='ltr'>quamvis</span> <span class='ocrx_word' id='word_1_101' title='bbox 517 1043 634 1080; x_wconf 92' lang='lat' dir='ltr'>oculo</span> <span class='ocrx_word' id='word_1_102' title='bbox 658 1054 783 1091; x_wconf 89' lang='lat' dir='ltr'>paene</span> <span class='ocrx_word' id='word_1_103' title='bbox 807 1049 906 1080; x_wconf 89' lang='lat' dir='ltr'>esset</span> <span class='ocrx_word' id='word_1_104' title='bbox 931 1043 1087 1080; x_wconf 89' lang='lat' dir='ltr'>inutilis</span> <span class='ocrx_word' id='word_1_105' title='bbox 1109 1055 1201 1089; x_wconf 90' lang='lat' dir='ltr'>uno,</span> 
     </span>
     <span class='ocr_line' id='line_1_18' title="bbox 237 1098 1223 1145; baseline 0.001 -10"><span class='ocrx_word' id='word_1_106' title='bbox 237 1110 326 1136; x_wconf 91' lang='lat' dir='ltr'>cum</span> <span class='ocrx_word' id='word_1_107' title='bbox 353 1104 486 1135; x_wconf 90' lang='lat' dir='ltr'>tamen</span> <span class='ocrx_word' id='word_1_108' title='bbox 513 1098 623 1136; x_wconf 89' lang='lat' dir='ltr'>illius</span> <span class='ocrx_word' id='word_1_109' title='bbox 648 1098 797 1136; x_wconf 86' lang='lat' dir='ltr'>faciem</span> <span class='ocrx_word' id='word_1_110' title='bbox 821 1099 997 1136; x_wconf 93' lang='lat' dir='ltr'>mirabar</span> <span class='ocrx_word' id='word_1_111' title='bbox 1023 1105 1060 1136; x_wconf 93' lang='lat' dir='ltr'>et</span> <span class='ocrx_word' id='word_1_112' title='bbox 1087 1110 1223 1145; x_wconf 87' lang='lat' dir='ltr'>annos,</span> 
     </span>
     <span class='ocr_line' id='line_1_19' title="bbox 235 1154 1228 1193; baseline 0.001 -2"><span class='ocrx_word' id='word_1_113' title='bbox 235 1155 417 1192; x_wconf 89' lang='lat' dir='ltr'>dicebam</span> <span class='ocrx_word' id='word_1_114' title='bbox 440 1155 604 1192; x_wconf 90' lang='lat' dir='ltr'>Triviae</span> <span class='ocrx_word' id='word_1_115' title='bbox 629 1154 804 1192; x_wconf 81' lang='lat' dir='ltr'>formam</span> <span class='ocrx_word' id='word_1_116' title='bbox 827 1155 930 1191; x_wconf 92' lang='lat' dir='ltr'>nihil</span> <span class='ocrx_word' id='word_1_117' title='bbox 954 1167 1035 1192; x_wconf 89' lang='lat' dir='ltr'>esse</span> <span class='ocrx_word' id='word_1_118' title='bbox 1061 1155 1228 1193; x_wconf 91' lang='lat' dir='ltr'>Dianae.</span> 
     </span>
     <span class='ocr_line' id='line_1_20' title="bbox 289 1210 1540 1260; baseline 0.002 -13"><span class='ocrx_word' id='word_1_119' title='bbox 289 1211 383 1248; x_wconf 87' lang='lat' dir='ltr'>For.</span> <span class='ocrx_word' id='word_1_120' title='bbox 418 1210 541 1248; x_wconf 92' lang='lat' dir='ltr'>Ludit</span> <span class='ocrx_word' id='word_1_121' title='bbox 566 1211 693 1249; x_wconf 92' lang='lat' dir='ltr'>Amor</span> <span class='ocrx_word' id='word_1_122' title='bbox 717 1222 866 1257; x_wconf 88' lang='lat' dir='ltr'>sensus,</span> <span class='ocrx_word' id='word_1_123' title='bbox 894 1211 1032 1249; x_wconf 92' lang='lat' dir='ltr'>oculos</span> <span class='ocrx_word' id='word_1_124' title='bbox 1057 1212 1317 1260; x_wconf 90' lang='lat' dir='ltr'>praestringit</span> <span class='ocrx_word' id='word_1_125' title='bbox 1343 1218 1379 1249; x_wconf 91' lang='lat' dir='ltr'>et</span> <span class='ocrx_word' id='word_1_126' title='bbox 1406 1211 1540 1249; x_wconf 86' lang='lat' dir='ltr'>aufert</span> 
     </span>
     <span class='ocr_line' id='line_1_21' title="bbox 235 1266 1207 1314; baseline 0 -10"><span class='ocrx_word' id='word_1_127' title='bbox 235 1268 461 1305; x_wconf 89' lang='lat' dir='ltr'>libertatem</span> <span class='ocrx_word' id='word_1_128' title='bbox 483 1268 606 1304; x_wconf 86' lang='lat' dir='ltr'>animi</span> <span class='ocrx_word' id='word_1_129' title='bbox 627 1273 665 1304; x_wconf 90' lang='lat' dir='ltr'>et</span> <span class='ocrx_word' id='word_1_130' title='bbox 686 1268 788 1304; x_wconf 91' lang='lat' dir='ltr'>mira</span> <span class='ocrx_word' id='word_1_131' title='bbox 807 1278 879 1305; x_wconf 90' lang='lat' dir='ltr'>nos</span> <span class='ocrx_word' id='word_1_132' title='bbox 902 1266 1078 1304; x_wconf 87' lang='lat' dir='ltr'>fascinat</span> <span class='ocrx_word' id='word_1_133' title='bbox 1099 1273 1207 1314; x_wconf 87' lang='lat' dir='ltr'>arte;</span> 
     </span>
     <span class='ocr_line' id='line_1_22' title="bbox 234 1323 1622 1373; baseline -0.001 -12"><span class='ocrx_word' id='word_1_134' title='bbox 234 1323 353 1362; x_wconf 90' lang='lat' dir='ltr'>credo</span> <span class='ocrx_word' id='word_1_135' title='bbox 378 1324 525 1373; x_wconf 92' lang='lat' dir='ltr'>aliquis</span> <span class='ocrx_word' id='word_1_136' title='bbox 547 1323 718 1361; x_wconf 91' lang='lat' dir='ltr'>daemon</span> <span class='ocrx_word' id='word_1_137' title='bbox 742 1323 901 1360; x_wconf 88' lang='lat' dir='ltr'>subiens</span> <span class='ocrx_word' id='word_1_138' title='bbox 926 1323 1163 1372; x_wconf 88' lang='lat' dir='ltr'>praecordia</span> <span class='ocrx_word' id='word_1_139' title='bbox 1186 1323 1386 1361; x_wconf 90' lang='lat' dir='ltr'>flammam</span> <span class='ocrx_word' id='word_1_140' title='bbox 1573 1325 1622 1361; x_wconf 88' lang='lat'>50</span> 
     </span>
     <span class='ocr_line' id='line_1_23' title="bbox 234 1379 1255 1428; baseline -0.001 -11"><span class='ocrx_word' id='word_1_141' title='bbox 234 1381 406 1418; x_wconf 89' lang='lat' dir='ltr'>concitet</span> <span class='ocrx_word' id='word_1_142' title='bbox 429 1386 467 1417; x_wconf 89' lang='lat' dir='ltr'>et</span> <span class='ocrx_word' id='word_1_143' title='bbox 489 1385 648 1428; x_wconf 89' lang='lat' dir='ltr'>raptam</span> <span class='ocrx_word' id='word_1_144' title='bbox 671 1379 791 1417; x_wconf 90' lang='lat' dir='ltr'>tollat</span> <span class='ocrx_word' id='word_1_145' title='bbox 813 1379 862 1417; x_wconf 93' lang='lat' dir='ltr'>de</span> <span class='ocrx_word' id='word_1_146' title='bbox 885 1379 1048 1417; x_wconf 91' lang='lat' dir='ltr'>cardine</span> <span class='ocrx_word' id='word_1_147' title='bbox 1071 1385 1255 1417; x_wconf 90' lang='lat' dir='ltr'>mentem.</span> 
     </span>
     <span class='ocr_line' id='line_1_24' title="bbox 233 1435 1494 1485; baseline 0 -13"><span class='ocrx_word' id='word_1_148' title='bbox 233 1448 305 1473; x_wconf 88' lang='lat' dir='ltr'>nec</span> <span class='ocrx_word' id='word_1_149' title='bbox 325 1436 422 1474; x_wconf 93' lang='lat' dir='ltr'>deus</span> <span class='ocrx_word' id='word_1_150' title='bbox 453 1436 517 1484; x_wconf 93' lang='lat' dir='ltr'>(ut</span> <span class='ocrx_word' id='word_1_151' title='bbox 538 1435 770 1485; x_wconf 89' lang='lat' dir='ltr'>perhibent)</span> <span class='ocrx_word' id='word_1_152' title='bbox 802 1436 929 1474; x_wconf 92' lang='lat' dir='ltr'>Amor</span> <span class='ocrx_word' id='word_1_153' title='bbox 950 1442 1019 1481; x_wconf 88' lang='lat' dir='ltr'>est,</span> <span class='ocrx_word' id='word_1_154' title='bbox 1044 1435 1111 1473; x_wconf 91' lang='lat' dir='ltr'>sed</span> <span class='ocrx_word' id='word_1_155' title='bbox 1135 1447 1291 1474; x_wconf 84' lang='lat' dir='ltr'>amaror</span> <span class='ocrx_word' id='word_1_156' title='bbox 1314 1442 1352 1473; x_wconf 92' lang='lat' dir='ltr'>et</span> <span class='ocrx_word' id='word_1_157' title='bbox 1375 1447 1494 1473; x_wconf 89' lang='lat' dir='ltr'>error.</span> 
     </span>
     <span class='ocr_line' id='line_1_25' title="bbox 286 1491 1415 1542; baseline -0.002 -12"><span class='ocrx_word' id='word_1_158' title='bbox 286 1493 387 1530; x_wconf 80' lang='lat' dir='ltr'>Fau.</span> <span class='ocrx_word' id='word_1_159' title='bbox 419 1492 538 1530; x_wconf 90' lang='lat' dir='ltr'>Adde</span> <span class='ocrx_word' id='word_1_160' title='bbox 560 1492 667 1542; x_wconf 91' lang='lat' dir='ltr'>quod</span> <span class='ocrx_word' id='word_1_161' title='bbox 691 1493 839 1541; x_wconf 88' lang='lat' dir='ltr'>optatis</span> <span class='ocrx_word' id='word_1_162' title='bbox 862 1503 934 1529; x_wconf 90' lang='lat' dir='ltr'>nec</span> <span class='ocrx_word' id='word_1_163' title='bbox 955 1503 1045 1540; x_wconf 91' lang='lat' dir='ltr'>spes</span> <span class='ocrx_word' id='word_1_164' title='bbox 1067 1497 1151 1529; x_wconf 92' lang='lat' dir='ltr'>erat</span> <span class='ocrx_word' id='word_1_165' title='bbox 1173 1491 1260 1528; x_wconf 89' lang='lat' dir='ltr'>ulla</span> <span class='ocrx_word' id='word_1_166' title='bbox 1282 1492 1415 1540; x_wconf 86' lang='lat' dir='ltr'>potiri,</span> 
     </span>
     <span class='ocr_line' id='line_1_26' title="bbox 231 1547 1149 1599; baseline -0.002 -13"><span class='ocrx_word' id='word_1_167' title='bbox 231 1549 414 1599; x_wconf 88' lang='lat' dir='ltr'>quamvis</span> <span class='ocrx_word' id='word_1_168' title='bbox 436 1549 508 1586; x_wconf 91' lang='lat' dir='ltr'>illa</span> <span class='ocrx_word' id='word_1_169' title='bbox 528 1560 616 1586; x_wconf 93' lang='lat' dir='ltr'>meo</span> <span class='ocrx_word' id='word_1_170' title='bbox 636 1549 824 1586; x_wconf 87' lang='lat' dir='ltr'>miserata</span> <span class='ocrx_word' id='word_1_171' title='bbox 846 1547 1002 1585; x_wconf 83' lang='lat' dir='ltr'>faveret</span> <span class='ocrx_word' id='word_1_172' title='bbox 1023 1548 1149 1585; x_wconf 89' lang='lat' dir='ltr'>amori</span> 
     </span>
     <span class='ocr_line' id='line_1_27' title="bbox 232 1604 1205 1654; baseline -0.002 -12"><span class='ocrx_word' id='word_1_173' title='bbox 232 1611 549 1654; x_wconf 87' lang='lat' dir='ltr'>monstraretque</span> <span class='ocrx_word' id='word_1_174' title='bbox 571 1616 662 1643; x_wconf 89' lang='lat' dir='ltr'>suos</span> <span class='ocrx_word' id='word_1_175' title='bbox 681 1604 810 1642; x_wconf 89' lang='lat' dir='ltr'>oculis</span> <span class='ocrx_word' id='word_1_176' title='bbox 831 1615 877 1641; x_wconf 92' lang='lat' dir='ltr'>ac</span> <span class='ocrx_word' id='word_1_177' title='bbox 897 1604 1061 1641; x_wconf 89' lang='lat' dir='ltr'>nutibus</span> <span class='ocrx_word' id='word_1_178' title='bbox 1082 1604 1205 1653; x_wconf 89' lang='lat' dir='ltr'>ignes.</span> 
     </span>
     <span class='ocr_line' id='line_1_28' title="bbox 230 1661 1439 1711; baseline -0.003 -12"><span class='ocrx_word' id='word_1_179' title='bbox 230 1674 335 1707; x_wconf 92' lang='lat' dir='ltr'>nam,</span> <span class='ocrx_word' id='word_1_180' title='bbox 360 1673 611 1711; x_wconf 87' lang='lat' dir='ltr'>quocumque</span> <span class='ocrx_word' id='word_1_181' title='bbox 634 1661 738 1706; x_wconf 91' lang='lat' dir='ltr'>isset,</span> <span class='ocrx_word' id='word_1_182' title='bbox 762 1672 916 1709; x_wconf 87' lang='lat' dir='ltr'>semper</span> <span class='ocrx_word' id='word_1_183' title='bbox 939 1671 1069 1698; x_wconf 90' lang='lat' dir='ltr'>comes</span> <span class='ocrx_word' id='word_1_184' title='bbox 1093 1671 1254 1708; x_wconf 89' lang='lat' dir='ltr'>aspera:</span> <span class='ocrx_word' id='word_1_185' title='bbox 1287 1670 1439 1707; x_wconf 84' lang='lat' dir='ltr'>semper</span> 
     </span>
     <span class='ocr_line' id='line_1_29' title="bbox 231 1716 1203 1767; baseline -0.003 -12"><span class='ocrx_word' id='word_1_186' title='bbox 231 1724 358 1767; x_wconf 89' lang='lat' dir='ltr'>nupta</span> <span class='ocrx_word' id='word_1_187' title='bbox 379 1717 617 1767; x_wconf 88' lang='lat' dir='ltr'>sequebatur</span> <span class='ocrx_word' id='word_1_188' title='bbox 639 1728 750 1755; x_wconf 91' lang='lat' dir='ltr'>soror</span> <span class='ocrx_word' id='word_1_189' title='bbox 772 1722 810 1754; x_wconf 93' lang='lat' dir='ltr'>et</span> <span class='ocrx_word' id='word_1_190' title='bbox 831 1716 1045 1754; x_wconf 90' lang='lat' dir='ltr'>durissima</span> <span class='ocrx_word' id='word_1_191' title='bbox 1065 1721 1203 1754; x_wconf 88' lang='lat' dir='ltr'>mater.</span> 
     </span>
     <span class='ocr_line' id='line_1_30' title="bbox 230 1773 1129 1824; baseline -0.002 -13"><span class='ocrx_word' id='word_1_192' title='bbox 230 1775 364 1824; x_wconf 89' lang='lat' dir='ltr'>sicque</span> <span class='ocrx_word' id='word_1_193' title='bbox 386 1773 667 1823; x_wconf 90' lang='lat' dir='ltr'>repugnabant</span> <span class='ocrx_word' id='word_1_194' title='bbox 688 1773 791 1810; x_wconf 88' lang='lat' dir='ltr'>votis</span> <span class='ocrx_word' id='word_1_195' title='bbox 812 1773 1015 1810; x_wconf 88' lang='lat' dir='ltr'>contraria</span> <span class='ocrx_word' id='word_1_196' title='bbox 1035 1778 1129 1810; x_wconf 92' lang='lat' dir='ltr'>vota</span> 
     </span>
     <span class='ocr_line' id='line_1_31' title="bbox 231 1828 1305 1876; baseline -0.003 -9"><span class='ocrx_word' id='word_1_197' title='bbox 231 1842 311 1869; x_wconf 91' lang='lat' dir='ltr'>non</span> <span class='ocrx_word' id='word_1_198' title='bbox 335 1841 445 1867; x_wconf 89' lang='lat' dir='ltr'>secus</span> <span class='ocrx_word' id='word_1_199' title='bbox 469 1841 516 1867; x_wconf 90' lang='lat' dir='ltr'>ac</span> <span class='ocrx_word' id='word_1_200' title='bbox 538 1830 642 1866; x_wconf 91' lang='lat' dir='ltr'>muri</span> <span class='ocrx_word' id='word_1_201' title='bbox 667 1835 800 1866; x_wconf 88' lang='lat' dir='ltr'>catus:</span> <span class='ocrx_word' id='word_1_202' title='bbox 833 1828 902 1866; x_wconf 90' lang='lat' dir='ltr'>ille</span> <span class='ocrx_word' id='word_1_203' title='bbox 926 1828 1115 1865; x_wconf 87' lang='lat' dir='ltr'>invadere</span> <span class='ocrx_word' id='word_1_204' title='bbox 1141 1839 1305 1876; x_wconf 88' lang='lat' dir='ltr'>pernam</span> 
     </span>
     <span class='ocr_line' id='line_1_32' title="bbox 229 1883 1617 1932; baseline -0.003 -9"><span class='ocrx_word' id='word_1_205' title='bbox 229 1887 383 1932; x_wconf 89' lang='lat' dir='ltr'>nititur,</span> <span class='ocrx_word' id='word_1_206' title='bbox 407 1886 473 1923; x_wconf 91' lang='lat' dir='ltr'>hic</span> <span class='ocrx_word' id='word_1_207' title='bbox 496 1886 617 1922; x_wconf 91' lang='lat' dir='ltr'>rimas</span> <span class='ocrx_word' id='word_1_208' title='bbox 641 1885 768 1923; x_wconf 88' lang='lat' dir='ltr'>oculis</span> <span class='ocrx_word' id='word_1_209' title='bbox 792 1885 975 1922; x_wconf 89' lang='lat' dir='ltr'>observat</span> <span class='ocrx_word' id='word_1_210' title='bbox 1000 1884 1137 1921; x_wconf 86' lang='lat' dir='ltr'>acutis.</span> <span class='ocrx_word' id='word_1_211' title='bbox 1566 1883 1617 1919; x_wconf 87' lang='lat'>60</span> 
     </span>
     <span class='ocr_line' id='line_1_33' title="bbox 282 1940 1354 1990; baseline -0.001 -11"><span class='ocrx_word' id='word_1_212' title='bbox 282 1942 376 1979; x_wconf 80' lang='lat' dir='ltr'>For.</span> <span class='ocrx_word' id='word_1_213' title='bbox 411 1941 492 1990; x_wconf 89' lang='lat' dir='ltr'>Qui</span> <span class='ocrx_word' id='word_1_214' title='bbox 515 1948 625 1979; x_wconf 91' lang='lat' dir='ltr'>satur</span> <span class='ocrx_word' id='word_1_215' title='bbox 648 1947 706 1978; x_wconf 89' lang='lat' dir='ltr'>est</span> <span class='ocrx_word' id='word_1_216' title='bbox 728 1941 848 1990; x_wconf 90' lang='lat' dir='ltr'>pleno</span> <span class='ocrx_word' id='word_1_217' title='bbox 872 1940 1012 1978; x_wconf 89' lang='lat' dir='ltr'>laudat</span> <span class='ocrx_word' id='word_1_218' title='bbox 1035 1940 1184 1977; x_wconf 85' lang='lat' dir='ltr'>ieiunia</span> <span class='ocrx_word' id='word_1_219' title='bbox 1205 1945 1354 1979; x_wconf 83' lang='lat' dir='ltr'>ventre.</span> 
     </span>
     <span class='ocr_line' id='line_1_34' title="bbox 229 1996 1297 2048; baseline -0.004 -12"><span class='ocrx_word' id='word_1_220' title='bbox 229 2005 266 2036; x_wconf 92' lang='lat' dir='ltr'>et</span> <span class='ocrx_word' id='word_1_221' title='bbox 289 2010 405 2048; x_wconf 91' lang='lat' dir='ltr'>quem</span> <span class='ocrx_word' id='word_1_222' title='bbox 428 1998 544 2035; x_wconf 87' lang='lat' dir='ltr'>nulla</span> <span class='ocrx_word' id='word_1_223' title='bbox 566 1998 711 2046; x_wconf 88' lang='lat' dir='ltr'>premit</span> <span class='ocrx_word' id='word_1_224' title='bbox 734 1998 819 2034; x_wconf 85' lang='lat' dir='ltr'>sitis</span> <span class='ocrx_word' id='word_1_225' title='bbox 842 2002 899 2034; x_wconf 89' lang='lat' dir='ltr'>est</span> <span class='ocrx_word' id='word_1_226' title='bbox 922 1996 1148 2034; x_wconf 90' lang='lat' dir='ltr'>sitientibus</span> <span class='ocrx_word' id='word_1_227' title='bbox 1171 2007 1297 2044; x_wconf 88' lang='lat' dir='ltr'>asper.</span> 
     </span>
     <span class='ocr_line' id='line_1_35' title="bbox 282 2050 1354 2102; baseline -0.005 -10"><span class='ocrx_word' id='word_1_228' title='bbox 282 2055 382 2092; x_wconf 84' lang='lat' dir='ltr'>Fau.</span> <span class='ocrx_word' id='word_1_229' title='bbox 415 2055 594 2102; x_wconf 89' lang='lat' dir='ltr'>Tempus</span> <span class='ocrx_word' id='word_1_230' title='bbox 618 2059 702 2090; x_wconf 90' lang='lat' dir='ltr'>erat</span> <span class='ocrx_word' id='word_1_231' title='bbox 727 2064 850 2090; x_wconf 90' lang='lat' dir='ltr'>curva</span> <span class='ocrx_word' id='word_1_232' title='bbox 873 2057 1024 2101; x_wconf 89' lang='lat' dir='ltr'>segetes</span> <span class='ocrx_word' id='word_1_233' title='bbox 1048 2051 1222 2088; x_wconf 89' lang='lat' dir='ltr'>incidere</span> <span class='ocrx_word' id='word_1_234' title='bbox 1248 2050 1354 2088; x_wconf 87' lang='lat' dir='ltr'>falce</span> 
     </span>
     <span class='ocr_line' id='line_1_36' title="bbox 228 2108 1210 2148; baseline -0.004 0"><span class='ocrx_word' id='word_1_235' title='bbox 228 2117 266 2148; x_wconf 91' lang='lat' dir='ltr'>et</span> <span class='ocrx_word' id='word_1_236' title='bbox 291 2111 372 2148; x_wconf 89' lang='lat' dir='ltr'>late</span> <span class='ocrx_word' id='word_1_237' title='bbox 400 2110 589 2147; x_wconf 86' lang='lat' dir='ltr'>albebant</span> <span class='ocrx_word' id='word_1_238' title='bbox 615 2109 853 2146; x_wconf 87' lang='lat' dir='ltr'>flaventibus</span> <span class='ocrx_word' id='word_1_239' title='bbox 878 2108 1030 2146; x_wconf 91' lang='lat' dir='ltr'>hordea</span> <span class='ocrx_word' id='word_1_240' title='bbox 1057 2108 1210 2144; x_wconf 87' lang='lat' dir='ltr'>culmis.</span> 
     </span>
     <span class='ocr_line' id='line_1_37' title="bbox 228 2164 1190 2214; baseline -0.004 -10"><span class='ocrx_word' id='word_1_241' title='bbox 228 2167 346 2204; x_wconf 85' lang='lat' dir='ltr'>affuit</span> <span class='ocrx_word' id='word_1_242' title='bbox 381 2166 444 2214; x_wconf 90' lang='lat' dir='ltr'>(ut</span> <span class='ocrx_word' id='word_1_243' title='bbox 468 2178 554 2203; x_wconf 91' lang='lat' dir='ltr'>mos</span> <span class='ocrx_word' id='word_1_244' title='bbox 579 2165 656 2214; x_wconf 91' lang='lat' dir='ltr'>est)</span> <span class='ocrx_word' id='word_1_245' title='bbox 690 2166 796 2203; x_wconf 89' lang='lat' dir='ltr'>natis</span> <span class='ocrx_word' id='word_1_246' title='bbox 820 2165 1010 2202; x_wconf 86' lang='lat' dir='ltr'>comitata</span> <span class='ocrx_word' id='word_1_247' title='bbox 1035 2164 1190 2200; x_wconf 88' lang='lat' dir='ltr'>duabus</span> 
     </span>
     <span class='ocr_line' id='line_1_38' title="bbox 227 2219 1299 2271; baseline -0.005 -11"><span class='ocrx_word' id='word_1_248' title='bbox 227 2223 447 2261; x_wconf 88' lang='lat' dir='ltr'>collectura</span> <span class='ocrx_word' id='word_1_249' title='bbox 467 2233 611 2271; x_wconf 88' lang='lat' dir='ltr'>parens</span> <span class='ocrx_word' id='word_1_250' title='bbox 633 2233 733 2270; x_wconf 88' lang='lat' dir='ltr'>quae</span> <span class='ocrx_word' id='word_1_251' title='bbox 755 2220 945 2269; x_wconf 90' lang='lat' dir='ltr'>praeterit</span> <span class='ocrx_word' id='word_1_252' title='bbox 967 2219 1118 2257; x_wconf 90' lang='lat' dir='ltr'>hordea</span> <span class='ocrx_word' id='word_1_253' title='bbox 1138 2230 1299 2265; x_wconf 86' lang='lat' dir='ltr'>messor,</span> 
     </span>
     <span class='ocr_line' id='line_1_39' title="bbox 227 2276 1187 2329; baseline -0.005 -13"><span class='ocrx_word' id='word_1_254' title='bbox 227 2279 440 2329; x_wconf 85' lang='lat' dir='ltr'>ignorabat</span> <span class='ocrx_word' id='word_1_255' title='bbox 464 2279 569 2315; x_wconf 89' lang='lat' dir='ltr'>enim</span> <span class='ocrx_word' id='word_1_256' title='bbox 595 2277 657 2314; x_wconf 87' lang='lat' dir='ltr'>vel</span> <span class='ocrx_word' id='word_1_257' title='bbox 683 2276 962 2314; x_wconf 90' lang='lat' dir='ltr'>dissimulabat</span> <span class='ocrx_word' id='word_1_258' title='bbox 987 2287 1163 2313; x_wconf 90' lang='lat' dir='ltr'>amorem</span> <span class='ocrx_word' id='word_1_259' title='bbox 1177 2287 1187 2322; x_wconf 70' lang='lat'>5</span> 
     </span>
     <span class='ocr_line' id='line_1_40' title="bbox 226 2332 1295 2383; baseline -0.005 -11"><span class='ocrx_word' id='word_1_260' title='bbox 226 2335 497 2372; x_wconf 88' lang='lat' dir='ltr'>dissimulasse</span> <span class='ocrx_word' id='word_1_261' title='bbox 521 2340 631 2383; x_wconf 90' lang='lat' dir='ltr'>puto,</span> <span class='ocrx_word' id='word_1_262' title='bbox 657 2333 846 2382; x_wconf 86' lang='lat' dir='ltr'>quoniam</span> <span class='ocrx_word' id='word_1_263' title='bbox 870 2332 966 2369; x_wconf 89' lang='lat' dir='ltr'>data</span> <span class='ocrx_word' id='word_1_264' title='bbox 989 2342 1155 2368; x_wconf 86' lang='lat' dir='ltr'>munera</span> <span class='ocrx_word' id='word_1_265' title='bbox 1179 2337 1295 2367; x_wconf 90' lang='lat' dir='ltr'>natae</span> 
     </span>
     <span class='ocr_line' id='line_1_41' title="bbox 226 2386 1347 2439; baseline -0.005 -11"><span class='ocrx_word' id='word_1_266' title='bbox 226 2397 404 2436; x_wconf 90' lang='lat' dir='ltr'>noverat,</span> <span class='ocrx_word' id='word_1_267' title='bbox 430 2391 619 2439; x_wconf 86' lang='lat' dir='ltr'>exiguum</span> <span class='ocrx_word' id='word_1_268' title='bbox 644 2389 821 2437; x_wconf 92' lang='lat' dir='ltr'>leporem</span> <span class='ocrx_word' id='word_1_269' title='bbox 848 2388 1103 2437; x_wconf 87' lang='lat' dir='ltr'>geminasque</span> <span class='ocrx_word' id='word_1_270' title='bbox 1129 2386 1347 2435; x_wconf 91' lang='lat' dir='ltr'>palumbes.</span> 
     </span>
     <span class='ocr_line' id='line_1_42' title="bbox 280 2440 1612 2494; baseline -0.006 -10"><span class='ocrx_word' id='word_1_271' title='bbox 280 2447 373 2484; x_wconf 83' lang='lat' dir='ltr'>For.</span> <span class='ocrx_word' id='word_1_272' title='bbox 408 2446 621 2494; x_wconf 88' lang='lat' dir='ltr'>Pauperies</span> <span class='ocrx_word' id='word_1_273' title='bbox 646 2446 809 2482; x_wconf 87' lang='lat' dir='ltr'>inimica</span> <span class='ocrx_word' id='word_1_274' title='bbox 831 2444 945 2493; x_wconf 62' lang='lat' dir='ltr'>bonis</span> <span class='ocrx_word' id='word_1_275' title='bbox 969 2450 1026 2480; x_wconf 89' lang='lat' dir='ltr'>est</span> <span class='ocrx_word' id='word_1_276' title='bbox 1049 2442 1250 2489; x_wconf 79' lang='lat' dir='ltr'>mor1bus3</span> <span class='ocrx_word' id='word_1_277' title='bbox 1276 2452 1392 2480; x_wconf 92' lang='lat' dir='ltr'>omne</span> <span class='ocrx_word' id='word_1_278' title='bbox 1564 2440 1612 2477; x_wconf 93' lang='lat'>70</span> 
     </span>
     <span class='ocr_line' id='line_1_43' title="bbox 227 2499 1375 2549; baseline -0.006 -9"><span class='ocrx_word' id='word_1_279' title='bbox 227 2503 376 2541; x_wconf 89' lang='lat' dir='ltr'>labitur</span> <span class='ocrx_word' id='word_1_280' title='bbox 399 2503 438 2539; x_wconf 89' lang='lat' dir='ltr'>in</span> <span class='ocrx_word' id='word_1_281' title='bbox 461 2503 616 2547; x_wconf 89' lang='lat' dir='ltr'>vitium,</span> <span class='ocrx_word' id='word_1_282' title='bbox 641 2501 783 2549; x_wconf 91' lang='lat' dir='ltr'>culpae</span> <span class='ocrx_word' id='word_1_283' title='bbox 806 2499 1077 2548; x_wconf 88' lang='lat' dir='ltr'>scelerumque</span> <span class='ocrx_word' id='word_1_284' title='bbox 1101 2499 1285 2535; x_wconf 88' lang='lat' dir='ltr'>ministra</span> <span class='ocrx_word' id='word_1_285' title='bbox 1307 2503 1375 2534; x_wconf 90' lang='lat' dir='ltr'>est.</span> 
     </span>
     <span class='ocr_line' id='line_1_44' title="bbox 280 2553 1374 2606; baseline -0.006 -10"><span class='ocrx_word' id='word_1_286' title='bbox 280 2559 381 2596; x_wconf 86' lang='lat' dir='ltr'>Fau.</span> <span class='ocrx_word' id='word_1_287' title='bbox 444 2558 570 2596; x_wconf 88' lang='lat' dir='ltr'>Farra</span> <span class='ocrx_word' id='word_1_288' title='bbox 594 2558 730 2606; x_wconf 87' lang='lat' dir='ltr'>legens</span> <span class='ocrx_word' id='word_1_289' title='bbox 756 2557 838 2593; x_wconf 87' lang='lat' dir='ltr'>ibat</span> <span class='ocrx_word' id='word_1_290' title='bbox 862 2567 951 2593; x_wconf 91' lang='lat' dir='ltr'>mea</span> <span class='ocrx_word' id='word_1_291' title='bbox 974 2566 1043 2604; x_wconf 91' lang='lat' dir='ltr'>per</span> <span class='ocrx_word' id='word_1_292' title='bbox 1069 2554 1237 2602; x_wconf 88' lang='lat' dir='ltr'>vestigia</span> <span class='ocrx_word' id='word_1_293' title='bbox 1261 2553 1374 2599; x_wconf 86' lang='lat' dir='ltr'>virgo</span> 
     </span>
     <span class='ocr_line' id='line_1_45' title="bbox 227 2610 1305 2661; baseline -0.006 -12"><span class='ocrx_word' id='word_1_294' title='bbox 227 2615 335 2652; x_wconf 82' lang='lat' dir='ltr'>nuda</span> <span class='ocrx_word' id='word_1_295' title='bbox 358 2614 512 2661; x_wconf 86' lang='lat' dir='ltr'>pedem.</span> <span class='ocrx_word' id='word_1_296' title='bbox 538 2613 733 2650; x_wconf 80' lang='lat' dir='ltr'>discincta</span> <span class='ocrx_word' id='word_1_297' title='bbox 758 2613 900 2652; x_wconf 76' lang='lat' dir='ltr'>sinum,</span> <span class='ocrx_word' id='word_1_298' title='bbox 926 2610 1100 2658; x_wconf 84' lang='lat' dir='ltr'>spoliata</span> <span class='ocrx_word' id='word_1_299' title='bbox 1124 2610 1305 2647; x_wconf 74' lang='lat' dir='ltr'>lacertos,</span> 
     </span>
    </p>
   </div>
  </div>
 </body>
</html>
