1798 2784
285 159 356 194 118
683 159 957 191 BAI’TISTAE
982 160 1259 193 MANTUANI

279 258 399 307 fingis
420 259 622 297 inauditos
642 266 680 297 et
701 261 760 297 vis
781 272 907 298 novus
929 267 1068 299 auctor
1089 262 1240 299 haberi.

334 315 407 352 Βα.
441 314 550 353 Cura
573 316 669 354 viris
695 316 883 365 gravibus
907 328 1039 354 rerum
1063 317 1163 355 solet
1187 329 1268 355 esse
1293 329 1452 355 suarum
1466 330 1477 366 ς

280 377 504 419 propterea,
532 371 722 420 Myrmix,
746 372 866 409 nimis
890 384 913 410 a
938 373 1134 422 gravitate
1158 372 1321 411 recedis.

280 426 378 464 haec
400 427 556 464 novitas
580 439 660 465 non
683 434 741 465 est
762 429 932 474 novitas,
957 427 1025 466 sed
1048 440 1142 466 vera
1164 435 1350 467 vetustas.

279 482 422 532 religio
446 489 484 520 et
507 484 634 531 pietas
658 490 819 532 patrum
843 484 1066 522 instaurata
1089 485 1261 534 resurgit
1594 485 1666 523 160

280 550 400 588 quam
424 545 493 576 tua
515 540 694 588 corrupit
717 539 859 577 levitas
881 547 918 577 et
942 546 1037 578 nota
1061 547 1220 578 tuorum

281 595 479 643 segnities.
541 596 664 644 igitur
686 596 719 632 si
741 596 829 644 quis
853 595 1032 633 labentia
1054 602 1159 633 tecta

280 651 409 699 erigat
431 657 468 688 et
491 651 666 688 sterilem
689 652 758 700 qui
779 651 1089 689 mansuefecerit
1112 661 1253 700 agrum

281 707 412 744 iudice
437 713 474 744 te
498 707 752 746 damnandus
776 708 877 744 erit?
935 719 1016 746 non
1040 709 1204 757 ponitur
1230 708 1348 745 arbor

282 762 420 808 altera,
447 763 513 800 sed
538 764 661 800 veteri
686 764 873 800 inseritur
896 763 1003 801 bona
1025 763 1186 813 virgula
1209 769 1376 811 trunco;

282 830 402 868 segne
427 820 538 867 prius
563 819 719 868 lignum
743 826 881 857 nostro
906 819 952 856 fit
979 819 1114 856 fertile
1140 820 1263 857 cultu.

336 875 398 912 M.
432 874 627 922 Quamvis
648 876 797 924 pingue
819 881 887 913 tuo
909 876 1042 924 pecori
1064 876 1115 912 sit
1137 887 1299 925 gramen
1320 882 1359 913 et
1378 875 1489 913 unda

283 930 506 977 defaecata,
532 937 663 968 tamen
688 931 840 968 multae
865 931 1173 969 cum-matribus
1199 943 1326 981 agnae

284 987 468 1024 interiere
483 999 493 1034 ;
522 987 608 1035 lupi
636 993 674 1024 et
700 993 837 1036 pastae
862 987 1077 1024 meminere
1102 987 1296 1025 volucres.

337 1043 410 1080 Ba.
444 1043 536 1080 Hae
569 1042 744 1091 (fateor)
777 1055 878 1092 quae
903 1043 991 1080 dira
1016 1049 1107 1080 tuae
1131 1044 1320 1092 contagia
1344 1043 1467 1092 pestis
1598 1043 1672 1081 170

284 1110 483 1147 accepere.
543 1100 663 1136 etiam
692 1099 834 1148 procul
863 1099 1148 1148 aspicientibus
1175 1099 1346 1147 obsunt3

284 1161 441 1192 tantum
462 1156 572 1192 virus
595 1156 707 1199 inest,
731 1155 853 1192 vestri
875 1155 935 1193 vis
957 1161 1071 1192 tanta
1091 1155 1245 1192 veneni.

284 1217 498 1260 propterea
520 1212 649 1260 magis
674 1217 792 1260 atque
816 1212 946 1260 magis
971 1210 1174 1248 discedere
1200 1222 1353 1259 semper

285 1273 342 1304 est
369 1267 537 1304 animus.
597 1268 751 1316 patitur
778 1278 898 1316 pecus
924 1267 1022 1304 haec
1050 1266 1305 1305 incommoda
1330 1272 1512 1305 nostrum

285 1323 382 1369 sola,
410 1323 517 1372 quod
545 1324 585 1360 in
611 1330 766 1360 vastam
791 1323 972 1361 nondum
997 1323 1178 1360 discessit
1204 1334 1380 1360 eremum

280 1390 358 1416 nec
382 1379 477 1416 satis
502 1391 526 1416 a
549 1379 661 1417 vobis
687 1379 828 1428 procul
854 1380 893 1416 in
920 1378 1078 1417 deserta
1102 1379 1272 1416 recessit.

338 1435 400 1472 M.
435 1435 645 1481 Batrache,
669 1435 718 1472 de
743 1435 930 1484 gregibus
953 1435 1135 1472 mentiris
1157 1434 1334 1484 plurima
1355 1434 1514 1472 nostris.

286 1497 390 1528 certe
418 1491 640 1528 alienarum
668 1491 741 1529 tibi
768 1503 865 1528 cura
892 1489 1092 1540 superflua
1118 1501 1262 1535 rerum,

286 1553 324 1584 et
349 1553 495 1584 temere
521 1548 688 1585 assumis
713 1553 846 1596 partes
873 1547 1046 1585 censoris
1073 1547 1212 1596 iniqui.

286 1615 356 1640 cur
376 1603 475 1640 mihi
496 1604 565 1653 qui
585 1614 706 1652 pasco
728 1603 861 1640 cuium
883 1614 1003 1652 pecus
1025 1603 1101 1640 ista
1121 1603 1224 1640 tueri
1600 1601 1675 1638 180

286 1671 365 1697 non
389 1659 532 1696 licuit?
590 1659 736 1696 solisne
758 1659 900 1697 domus
923 1670 1011 1696 mea
1034 1659 1197 1707 cognita
1220 1657 1359 1696 vobis?

340 1716 414 1752 Ba.
446 1715 665 1764 Aethiopes
687 1727 768 1752 una
791 1715 980 1764 quoniam
1004 1714 1214 1764 nigredine
1238 1713 1412 1759 sordent,

288 1771 357 1808 ille
381 1772 492 1809 color
515 1771 620 1808 nulli
646 1772 743 1809 vitio
766 1771 910 1818 datur;
936 1771 1122 1809 omnibus
1147 1769 1252 1807 idem

287 1828 422 1865 vultus
443 1833 480 1865 et
501 1827 666 1864 alterius
686 1828 717 1863 si
738 1827 827 1876 quis
847 1826 1104 1876 reprenderet
1125 1838 1205 1871 ora,

288 1890 326 1920 et
351 1895 422 1921 sua
447 1883 668 1921 damnaret.
729 1883 862 1931 pecori
890 1883 1122 1932 pecorisque
1149 1882 1352 1931 magistris

289 1939 384 1977 faex
408 1939 558 1985 eadem,
586 1940 736 1976 scabies
761 1938 911 1984 eadem,
939 1939 1040 1976 cutis
1065 1944 1103 1975 et
1127 1937 1238 1975 color
1264 1937 1380 1974 idem.

342 1996 412 2033 Be.
448 1995 603 2033 Parcite
619 2007 628 2043 ;
655 1996 733 2032 iam
755 1995 850 2032 satis
871 2000 929 2032 est
951 1994 1000 2033 lis
1022 1993 1228 2031 intellecta
1249 1992 1411 2042 diesque

290 2052 484 2089 inclinata
508 2051 628 2097 cadit,
656 2052 734 2088 iam
760 2057 849 2104 ppst
877 2051 972 2099 iuga
996 2061 1151 2087 summa
1176 2049 1256 2086 ruit
1281 2048 1353 2085 sol.

289 2107 436 2154 audite,
459 2119 482 2145 o
507 2108 642 2156 magni
669 2108 823 2157 generis
848 2106 1044 2155 longaeva
1067 2116 1249 2154 propago

289 2163 359 2201 lite
381 2175 499 2212 super
519 2169 651 2200 vestra
672 2175 772 2212 quae
795 2163 844 2199 sit
866 2162 1063 2199 sententia
1085 2167 1232 2198 nostra.
1604 2159 1676 2194 190

345 2220 405 2257 M.
439 2219 649 2263 Batrache,
674 2231 736 2256 me
761 2218 904 2256 audaci
930 2218 1074 2255 totiens
1100 2228 1279 2254 sermone
1304 2216 1476 2253 lacessis.

344 2276 417 2312 Ba.
453 2275 548 2313 Non
569 2287 655 2324 ego,
677 2274 745 2312 sed
766 2286 846 2312 non
869 2285 995 2323 aequa
1015 2273 1144 2322 magis
1165 2279 1202 2309 te
1223 2283 1342 2309 causa
1364 2271 1521 2308 lacessit

291 2331 562 2380 iudiciumque
585 2331 698 2368 timet
721 2330 793 2366 sibi
816 2341 926 2366 mens
949 2329 1054 2366 male
1077 2328 1235 2366 conscia
1258 2328 1416 2365 iustum.

348 2387 393 2426 C.
427 2387 601 2435 Quando
627 2387 858 2423 inimicitias
883 2392 1040 2434 tempus
1066 2384 1276 2433 deponere,
1305 2393 1461 2420 rursum

291 2451 421 2481 vestra
442 2455 567 2481 novas
588 2442 679 2480 lites
701 2441 889 2479 vecordia
911 2441 1087 2479 suscitat.
1147 2451 1243 2489 ergo

294 2500 496 2548 perpetuis
519 2499 616 2536 haec
639 2499 725 2535 rixa
749 2497 851 2534 odiis
874 2503 1033 2534 aeterna
1057 2495 1260 2533 manebit?
