1778 2804
623 181 816 213 ECLOGA
844 182 909 212 IX.
936 183 1056 221 75-156

145 283 250 320 unde
273 283 319 320 fit
342 283 445 321 hoc?
478 284 604 331 (certe
628 295 689 320 res
713 283 948 333 prodigiosa
972 284 1151 332 videtur)

145 339 241 376 haec
262 339 362 385 loca,
385 340 417 376 si
437 339 578 388 procul
600 339 694 376 hinc
713 339 849 376 videas
870 352 889 376 e
910 340 1077 388 rupibus
1097 340 1201 381 altis,

144 396 294 444 pingue
322 396 452 433 solum
479 402 517 432 et
542 396 672 434 multo
699 397 887 432 vestitum
917 397 1096 445 gramine
1123 397 1234 434 dicas
1249 409 1258 443 ;

144 464 223 500 quo
243 453 372 501 magis
394 452 611 500 appropias
633 457 744 489 tanto
767 453 896 501 magis
917 453 1051 489 omnia
1072 452 1246 490 sordent.

198 508 244 544 F.
279 508 373 546 Hoc
394 514 452 545 est
474 509 605 546 Roma
626 508 722 546 viris
743 508 882 545 avibus
904 508 1012 557 quod
1034 515 1202 546 noctua:
1235 516 1377 546 trunco

144 564 290 601 insidet
315 570 352 601 et
377 571 583 613 tamquam
607 564 816 602 volucrum
840 565 981 613 regina
1006 565 1187 613 superbis

143 620 306 657 nutibus
329 632 351 657 a
373 620 493 669 longe
516 620 674 669 plebem
696 627 824 658 vocat.
886 621 1011 658 inscia
1033 620 1191 658 fraudis

144 676 262 713 turba
288 678 379 722 coit,
409 677 579 725 grandes
607 677 744 715 oculos
769 678 968 714 mirantur
994 684 1032 714 et
1057 689 1183 722 aureS‚

143 738 259 781 turpe
280 739 401 781 caput
422 734 619 782 rostrique
639 734 808 770 minacis
829 744 995 770 acumen
1019 733 1245 780 aduncum3

143 788 317 838 dumque
346 801 464 837 super
492 789 671 838 virgulta
699 789 799 838 agili
827 789 989 826 levitate
1019 789 1206 826 feruntur

142 856 250 882 nunc
274 845 364 890 huc,
390 857 498 882 nunc
522 845 632 891 illuc,
658 845 748 882 aliis
773 846 943 894 vestigia
967 845 1083 882 filum

143 900 349 950 illaqueat,
374 902 547 938 retinent
571 901 670 938 alias
696 901 768 938 lita
791 902 942 938 vimina
965 903 1085 947 visco,

76 1000 79 1004 ¹
144 957 372 1006 praedaque
399 964 491 994 sunt
519 969 654 996 omnes
681 958 839 995 veribus
866 958 1058 995 torrenda
1083 958 1262 1007 salignis.

71 1005 77 1019 ‘
200 1013 244 1050 C.
278 1013 314 1051 O
337 1013 491 1050 bellum
512 1014 612 1062 hoc3
637 1015 785 1062 poterit
807 1014 889 1051 dici
910 1014 1014 1050 nihil
1037 1015 1171 1063 aptius
1192 1026 1394 1063 umquam.

143 1069 211 1106 sed
233 1069 375 1118 procul
399 1082 446 1106 en
469 1070 632 1107 coluber
654 1076 781 1108 tortos
803 1071 844 1106 in
866 1070 1031 1119 pulvere
1056 1081 1212 1119 gressus

143 1124 265 1162 flectit
287 1132 324 1162 et
347 1127 512 1163 exsertis
534 1127 671 1163 sitiens
694 1126 790 1163 ferit
813 1129 906 1163 aera
926 1126 1086 1175 linguis.

196 1181 244 1218 F.
278 1181 474 1223 Candide,
502 1194 603 1231 quae
628 1194 770 1220 moneo
796 1183 962 1220 memori
988 1183 1060 1219 sub
1087 1189 1247 1231 pectore
1275 1195 1398 1219 serva.

143 1238 304 1287 quando
329 1238 432 1274 inter
458 1238 578 1275 silvas
605 1238 795 1287 graderis,
822 1238 997 1276 defende
1024 1239 1160 1288 galero

143 1294 305 1335 lumina.
331 1305 504 1343 namque
526 1295 616 1331 rubi
639 1294 910 1343 praetendunt
933 1295 1090 1343 spicula
1111 1295 1245 1343 longis

142 1349 330 1387 dentibus
357 1356 395 1387 et
424 1362 568 1387 curvus
596 1351 788 1399 discerpit
817 1351 945 1399 pallia
973 1363 1122 1388 mucro.

143 1418 215 1443 nec
240 1405 396 1454 depone
422 1406 570 1455 pedum
596 1407 803 1456 multaque
831 1419 986 1444 armare
1012 1413 1210 1444 memento

143 1468 229 1500 cote
255 1463 397 1508 sinum,
424 1474 473 1499 ne
499 1469 537 1499 te
563 1463 694 1501 subito
718 1475 846 1500 novus
873 1464 1076 1512 opprimat
1101 1464 1237 1500 hostis.

143 1524 180 1555 et
201 1530 348 1566 perone
369 1519 511 1567 pedem
534 1520 658 1568 tegito
674 1531 683 1566 3
709 1520 867 1567 spineta
888 1519 1063 1557 colubris

142 1574 264 1622 plena
285 1575 493 1612 hominum
516 1576 621 1612 vitae
642 1588 778 1613 morsu
802 1575 1044 1612 insidiantur
1069 1588 1216 1619 amaro,

143 1636 180 1667 et
202 1643 309 1667 nunc
332 1631 455 1679 longa
476 1631 560 1668 dies
582 1638 694 1668 aestu
717 1631 818 1668 facit
841 1643 930 1668 acre
952 1644 1160 1668 venenum.

142 1686 254 1723 mille
274 1687 374 1735 lupi,
398 1687 565 1724 totidem
586 1688 727 1736 vulpes
750 1688 791 1724 in
812 1687 987 1725 vallibus
1009 1688 1094 1725 istis

144 1743 271 1780 lustra
297 1749 433 1780 tenent
459 1750 508 1789 et,
537 1743 644 1792 quod
672 1743 805 1780 dirum
832 1755 878 1781 ac
903 1744 1088 1781 mirabile
1114 1744 1225 1781 dictu
1253 1750 1322 1784 est,

142 1800 226 1848 ipse
249 1799 430 1837 homines
463 1800 601 1844 (huius
625 1806 737 1836 tanta
761 1806 817 1836 est
842 1800 1035 1837 violentia
1059 1800 1180 1845 caeli)

143 1867 259 1904 saepe
283 1855 370 1904 lupi
395 1856 565 1904 effigiem
589 1867 798 1905 moresque
823 1868 1021 1893 assumere
1047 1856 1128 1893 vidi

144 1912 262 1961 inque
287 1924 403 1948 suum
429 1913 578 1948 saevire
606 1924 767 1961 gregem
792 1913 1000 1961 multaque
1026 1912 1185 1949 madere

143 1967 262 2004 caede
287 1968 347 2004 sui
371 1968 549 2016 pecoris;
577 1967 734 2005 factum
757 1968 906 2005 vicinia
929 1968 1032 2004 ridet

142 2035 213 2060 nec
236 2024 364 2061 scelus
386 2024 571 2061 exhorret
594 2036 666 2061 nec
688 2024 837 2061 talibus
859 2024 994 2062 obviat
1018 2025 1134 2061 ausis.

142 2092 259 2128 saepe
282 2081 401 2117 etiam
422 2081 533 2117 miris
556 2086 752 2128 apparent
774 2086 953 2117 monstra
976 2080 1116 2129 figuris

142 2148 242 2184 quae
267 2136 388 2173 tellus
414 2136 562 2173 affecta
584 2136 702 2174 malis
726 2135 943 2173 influxibus
969 2136 1051 2173 edit
1065 2148 1075 2184 5

143 2204 259 2240 saepe
280 2204 398 2229 canes
419 2198 574 2229 tantam
596 2193 637 2228 in
660 2193 811 2229 rabiem
832 2198 1054 2235 vertuntur,
1079 2198 1123 2229 ut
1146 2193 1253 2241 ipsos

143 2249 306 2285 vincant
329 2248 448 2285 caede
471 2248 598 2296 lupos,
624 2255 662 2285 et
684 2249 752 2297 qui
774 2248 901 2285 tutela
924 2248 1089 2285 fuerunt

144 2304 308 2341 hostiles
329 2305 466 2341 ineunt
490 2305 643 2342 animos
665 2311 702 2341 et
725 2304 847 2342 ovilia
870 2310 1060 2341 mactant.

143 2360 255 2397 fama
277 2366 334 2397 est
359 2361 589 2409 Aegyptum
612 2360 781 2398 coluisse
805 2360 996 2397 animalia
1020 2360 1217 2409 quaedam

143 2423 179 2452 et
206 2428 278 2464 pro
305 2417 536 2453 numinibus
562 2416 711 2453 multas
737 2416 921 2453 habuisse
950 2416 1154 2459 ferarum:

143 2473 218 2509 ista
242 2473 472 2520 superstitio
498 2473 628 2510 minor
654 2479 712 2509 est
735 2484 856 2522 quam
879 2479 1028 2510 nostra.
1090 2472 1268 2509 ferarum

142 2528 206 2564 hic
229 2540 318 2565 aras
339 2528 458 2565 habet
481 2540 597 2567 omne
620 2539 756 2578 genuS,
781 2529 982 2566 contraria
1005 2534 1110 2571 certe

1462 185 1529 221 111

1462 511 1535 546 120

1462 1072 1535 1107 130

1462 1633 1535 1669 140

1461 2192 1535 2230 150
