1798 2784
237 221 288 256 94
643 219 916 250 BAPTISTAE
940 218 1218 251 MANY'UANI

237 333 327 358 cum
355 320 416 359 lac
445 320 672 359 vociferans
700 321 805 358 ibam
831 320 972 358 venale
998 333 1068 370 per
1094 320 1244 358 urbem.

236 378 364 415 mansi
388 377 495 426 apud
521 383 767 426 artocopum.
828 378 986 426 sapiens
1010 384 1047 414 et
1072 377 1123 414 ad
1148 377 1281 414 omnia
1307 382 1516 425 promptus

240 433 350 471 furta
370 440 453 471 erat
476 440 513 470 et
535 433 703 470 crudum
727 433 837 471 ferro
859 432 1074 470 subradere
1097 445 1252 481 panem.

240 491 332 538 ipse,
355 495 399 527 ut
420 497 505 526 erat
527 501 655 527 mores
677 489 787 526 urbis
808 489 1073 534 doctissimus,
1098 490 1175 526 ista
1552 488 1625 526 160

239 546 405 583 tradidit
429 545 629 582 affirmans
653 545 755 582 nihil
777 557 858 582 esse
882 546 1090 583 nocentius
1111 544 1233 591 urbe;

237 613 276 638 se
299 614 455 651 quoque
479 601 610 638 furari
632 601 819 639 didicisse
843 601 973 638 aiebat
997 601 1045 638 ab
1068 601 1177 638 urbe.

292 657 394 695 Sunt
416 659 536 694 etiam
559 658 627 707 qui
650 664 764 706 parta
788 658 836 694 ab
861 658 945 694 avis
968 657 1211 706 patrimonia
1234 656 1413 694 fundunt

239 715 276 750 in
301 715 554 751 meretricum
577 725 695 761 usus;
723 713 820 763 quid
847 713 1006 751 foedius
1031 713 1356 762 improbiusque?

237 771 313 814 dic,
337 770 405 807 ubi
427 770 665 807 moechandi
689 782 764 814 ars,
789 769 1017 814 homicidia,
1042 769 1282 806 seditiones?

238 838 369 864 nonne
392 827 495 864 inter
518 827 622 863 cives
645 832 763 876 atque
786 826 893 863 intra
913 825 1072 863 moenia
1093 825 1291 874 regnant?

237 883 334 932 quid
358 894 470 932 reges
492 883 560 932 qui
583 894 709 931 regna
729 882 937 920 hominum
962 893 1032 930 per
1055 881 1224 918 vulnera
1245 886 1441 930 quaerunt

239 940 278 975 in
302 945 548 988 mortemque
573 950 662 976 suos
686 938 884 987 adigunt?
942 937 1039 986 quid
1064 943 1228 986 pectora
1249 936 1365 974 miles

238 995 413 1032 obiciens
437 995 538 1041 telis,
563 1007 633 1043 per
657 994 769 1031 mille
792 994 973 1042 pericula
995 993 1172 1030 vadens?

239 1063 310 1099 pro
333 1052 434 1099 stipe
457 1051 527 1088 dat
549 1051 698 1097 vitam;
723 1050 838 1087 nulla
860 1056 916 1087 est
940 1049 1096 1086 insania
1116 1049 1255 1086 maior.
1554 1048 1627 1086 170

240 1107 369 1156 gloria
392 1106 622 1156 praefertur
646 1107 751 1143 vitae
765 1118 775 1154 5
801 1105 898 1156 quid
924 1105 1080 1155 gloria?
1103 1104 1201 1154 quid
1224 1104 1338 1142 laus?

238 1163 335 1213 quid
360 1163 473 1200 fama
494 1163 578 1200 est?
629 1162 725 1212 quid
749 1162 904 1200 honor?
955 1172 1071 1200 voces
1094 1167 1132 1198 et
1153 1160 1291 1210 opinio
1315 1160 1440 1209 vulgi.

239 1220 373 1257 omnia
396 1219 520 1269 longa
544 1219 628 1257 dies
653 1218 811 1266 abolet;
838 1230 929 1255 cum
953 1218 1085 1255 vivere
1111 1227 1250 1262 cessas,

239 1276 374 1314 omnia
395 1276 451 1313 sic
473 1275 631 1321 abeunt,
656 1281 700 1312 ut
725 1275 795 1312 lux
817 1286 907 1311 cum
932 1274 1015 1312 sole
1038 1273 1198 1310 recedit.

239 1333 307 1381 qui
328 1343 437 1369 mare
460 1331 681 1369 sollicitant
706 1331 835 1376 remis,
861 1341 951 1367 cum
974 1330 1107 1367 vivere
1129 1329 1284 1378 possint

241 1390 278 1424 in
302 1389 445 1437 patria,
470 1387 584 1425 stulti
597 1399 607 1435 5
632 1393 751 1425 vento
772 1387 842 1436 qui
863 1385 989 1423 credit
1013 1392 1051 1423 et
1071 1384 1202 1430 undis,

239 1445 385 1482 stultus
400 1457 409 1491 3
434 1444 599 1481 divitiae
621 1444 685 1480 cui
705 1449 798 1480 sunt
819 1449 857 1479 et
877 1442 1058 1492 neglegit
1077 1441 1148 1487 uti,

240 1500 409 1547 stultus;
436 1501 516 1549 qui,
539 1506 583 1537 ut
605 1500 710 1536 natis
733 1499 910 1536 cumulet
934 1498 1188 1547 patrimonia,
1214 1497 1341 1546 partis

240 1557 411 1594 abstinet
435 1563 472 1593 et
497 1557 657 1605 genium
682 1554 861 1601 fraudat,
886 1554 1156 1599 stultissimus,
1181 1559 1219 1590 et
1242 1553 1309 1602 qui

240 1625 339 1662 quae
363 1612 497 1650 facere
520 1613 602 1661 ipse
624 1617 755 1660 potest
776 1611 881 1648 natis
904 1609 1100 1647 faciunda
1121 1609 1323 1658 relinquit.
1558 1609 1628 1643 180

240 1670 305 1719 qui
329 1675 540 1706 numerant
563 1668 700 1705 stellas
722 1673 760 1704 et
782 1679 821 1704 se
843 1665 1129 1715 comprendere
1152 1665 1241 1702 fata

240 1737 353 1774 posse
377 1731 532 1774 putant,
558 1724 695 1771 stulti3
721 1735 858 1760 verum
880 1722 1102 1759 dementior
1125 1722 1210 1758 istis

242 1788 424 1819 naturam
451 1781 691 1830 quicumque
719 1780 795 1816 Dei
821 1784 1020 1817 scrutatur
1045 1783 1084 1815 et
1107 1777 1227 1815 audet

242 1838 362 1887 figere
386 1838 426 1874 in
449 1838 682 1873 immensam
705 1836 839 1873 lumen
863 1841 945 1872 tam
968 1834 1101 1871 debile
1123 1833 1263 1870 lucem.

239 1901 375 1931 nostra
399 1893 496 1930 fides
518 1892 670 1930 melior.
731 1892 828 1928 civis
851 1891 1004 1928 ratione
1027 1895 1187 1927 coaetus

241 1949 401 1987 difficile
425 1949 614 1996 assentit;
640 1947 759 1986 nudis
780 1959 853 1985 nos
876 1947 1011 1985 omnia
1033 1946 1163 1983 verbis

241 2006 439 2043 eredimus
462 2012 500 2042 et
524 2005 659 2053 plures
684 2003 842 2041 faculas
866 2002 1121 2040 accendimus
1144 2002 1234 2038 aris.

241 2062 394 2099 civibus
417 2068 474 2098 est
497 2060 623 2098 infida
646 2060 769 2107 fides;
796 2059 996 2108 inquirere
1018 2069 1235 2107 numquam

243 2124 371 2155 mente
398 2119 534 2155 sinunt
560 2128 708 2154 arcana
735 2115 822 2153 Dei.
883 2115 915 2152 si
940 2114 1108 2152 numina
1133 2113 1231 2151 scire

242 2180 340 2211 esset
364 2185 475 2222 opus,
501 2178 688 2222 poterant
710 2172 824 2209 nobis
848 2183 887 2208 se
911 2170 1142 2216 ostendere3
1169 2180 1319 2213 verum,
1558 2168 1630 2204 190

242 2230 404 2279 quando
429 2230 552 2266 latere
577 2228 730 2273 volunt,
757 2227 853 2277 quid
878 2227 1076 2275 vestigare
1101 2235 1258 2262 necesse
1283 2230 1340 2262 est

243 2298 342 2336 quae
363 2298 435 2323 nos
455 2286 553 2322 scire
574 2290 723 2334 negant
743 2284 818 2332 ipsi
841 2283 907 2333 qui
928 2288 1074 2320 cuncta
1095 2280 1347 2331 gubernant?

244 2349 378 2380 nostra
403 2342 520 2379 etiam
547 2341 673 2389 pietas
697 2340 844 2389 pietate
868 2338 1070 2387 potentior
1094 2337 1215 2375 urbis.

244 2410 414 2448 namque
435 2398 511 2434 viri
534 2397 601 2446 qui
625 2407 740 2433 sacra
760 2400 910 2433 canunt
933 2393 1172 2443 templisque
1194 2392 1422 2430 ministrant

243 2460 395 2504 quanta
422 2454 562 2502 legunt
590 2452 674 2489 ruri
701 2451 839 2500 paucis
867 2450 1060 2487 alimenta
1085 2448 1252 2486 diebus?

245 2510 325 2547 vidi
351 2522 424 2559 ego
447 2509 645 2558 quaesitas
668 2519 716 2545 ex
739 2518 830 2544 rure
853 2507 893 2543 in
915 2505 1073 2544 moenia
1096 2504 1227 2554 plenis

246 2566 448 2615 puppibus
471 2564 614 2602 inferri
646 2563 794 2612 (pietas
817 2574 863 2600 ea
886 2561 1054 2610 rustica)
1088 2560 1238 2610 fruges.
