<?xml version="1.0" encoding="UTF-8"?>
<!DOCTYPE html PUBLIC "-//W3C//DTD XHTML 1.0 Transitional//EN"
    "http://www.w3.org/TR/xhtml1/DTD/xhtml1-transitional.dtd">
<html xmlns="http://www.w3.org/1999/xhtml" xml:lang="en" lang="en">
 <head>
  <title>
</title>
<meta http-equiv="Content-Type" content="text/html;charset=utf-8" />
  <meta name='ocr-system' content='tesseract 3.04.00' />
  <meta name='ocr-capabilities' content='ocr_page ocr_carea ocr_par ocr_line ocrx_word'/>
</head>
<body>
  <div class='ocr_page' id='page_1' title='image "./eclogueseditedwi00baptuoft_0119.png"; bbox 0 0 1778 2804; ppageno 0'>
   <div class='ocr_carea' id='block_1_1' title="bbox 680 200 1135 240">
    <p class='ocr_par' dir='ltr' id='par_1_1' title="bbox 680 200 1135 240">
     <span class='ocr_line' id='line_1_1' title="bbox 680 200 1135 240; baseline 0 -9"><span class='ocrx_word' id='word_1_1' title='bbox 680 200 873 232; x_wconf 87' lang='lat' dir='ltr'><em>ECLOGA</em></span> <span class='ocrx_word' id='word_1_2' title='bbox 906 201 987 232; x_wconf 84' lang='lat' dir='ltr'><em>VII.</em></span> <span class='ocrx_word' id='word_1_3' title='bbox 1012 210 1135 240; x_wconf 79' lang='lat'><em>34-115</em></span> 
     </span>
    </p>
   </div>
   <div class='ocr_carea' id='block_1_2' title="bbox 210 301 1412 2484">
    <p class='ocr_par' dir='ltr' id='par_1_2' title="bbox 214 301 1318 408">
     <span class='ocr_line' id='line_1_2' title="bbox 214 301 1318 352; baseline -0.001 -12"><span class='ocrx_word' id='word_1_4' title='bbox 214 309 351 352; x_wconf 88' lang='lat' dir='ltr'>pectus</span> <span class='ocrx_word' id='word_1_5' title='bbox 373 302 479 352; x_wconf 91' lang='lat' dir='ltr'>quod</span> <span class='ocrx_word' id='word_1_6' title='bbox 503 303 647 341; x_wconf 90' lang='lat' dir='ltr'>totiens</span> <span class='ocrx_word' id='word_1_7' title='bbox 668 302 776 352; x_wconf 84' lang='lat' dir='ltr'>quod</span> <span class='ocrx_word' id='word_1_8' title='bbox 796 301 952 340; x_wconf 88' lang='lat' dir='ltr'>lumina</span> <span class='ocrx_word' id='word_1_9' title='bbox 972 302 1128 341; x_wconf 84' lang='lat' dir='ltr'>fletibus</span> <span class='ocrx_word' id='word_1_10' title='bbox 1150 303 1318 351; x_wconf 82' lang='lat' dir='ltr'><strong>implet?</strong></span> 
     </span>
     <span class='ocr_line' id='line_1_3' title="bbox 214 358 1203 408; baseline 0 -12"><span class='ocrx_word' id='word_1_11' title='bbox 214 365 308 396; x_wconf 88' lang='lat' dir='ltr'>tune</span> <span class='ocrx_word' id='word_1_12' title='bbox 331 359 464 396; x_wconf 91' lang='lat' dir='ltr'>trahes</span> <span class='ocrx_word' id='word_1_13' title='bbox 487 359 646 397; x_wconf 89' lang='lat' dir='ltr'>crebros</span> <span class='ocrx_word' id='word_1_14' title='bbox 670 359 840 408; x_wconf 82' lang='lat' dir='ltr'>gemitus</span> <span class='ocrx_word' id='word_1_15' title='bbox 863 364 902 396; x_wconf 84' lang='lat' dir='ltr'>et</span> <span class='ocrx_word' id='word_1_16' title='bbox 924 358 1083 408; x_wconf 91' lang='lat' dir='ltr'>pallida</span> <span class='ocrx_word' id='word_1_17' title='bbox 1106 359 1203 396; x_wconf 87' lang='lat' dir='ltr'>fies?</span> 
     </span>
    </p>

    <p class='ocr_par' dir='ltr' id='par_1_3' title="bbox 213 414 1362 741">
     <span class='ocr_line' id='line_1_4' title="bbox 213 414 1290 461; baseline 0 -9"><span class='ocrx_word' id='word_1_18' title='bbox 213 427 332 453; x_wconf 91' lang='lat' dir='ltr'>cerno</span> <span class='ocrx_word' id='word_1_19' title='bbox 352 415 501 461; x_wconf 89' lang='lat' dir='ltr'>oculos,</span> <span class='ocrx_word' id='word_1_20' title='bbox 524 427 640 453; x_wconf 90' lang='lat' dir='ltr'>cerno</span> <span class='ocrx_word' id='word_1_21' title='bbox 663 414 862 460; x_wconf 83' lang='lat' dir='ltr'>lacrimas,</span> <span class='ocrx_word' id='word_1_22' title='bbox 886 426 1004 453; x_wconf 89' lang='lat' dir='ltr'>cerno</span> <span class='ocrx_word' id='word_1_23' title='bbox 1026 416 1146 452; x_wconf 85' lang='lat' dir='ltr'>anxia</span> <span class='ocrx_word' id='word_1_24' title='bbox 1167 414 1290 453; x_wconf 90' lang='lat' dir='ltr'>corda</span> 
     </span>
     <span class='ocr_line' id='line_1_5' title="bbox 214 471 1308 520; baseline 0.001 -13"><span class='ocrx_word' id='word_1_25' title='bbox 214 471 393 520; x_wconf 83' lang='lat' dir='ltr'>virginis.</span> <span class='ocrx_word' id='word_1_26' title='bbox 453 471 531 508; x_wconf 93' lang='lat' dir='ltr'>heu</span> <span class='ocrx_word' id='word_1_27' title='bbox 557 476 714 508; x_wconf 88' lang='lat' dir='ltr'>tantum</span> <span class='ocrx_word' id='word_1_28' title='bbox 740 483 820 520; x_wconf 89' lang='lat' dir='ltr'>qua</span> <span class='ocrx_word' id='word_1_29' title='bbox 846 471 1100 508; x_wconf 86' lang='lat' dir='ltr'>dissimulare</span> <span class='ocrx_word' id='word_1_30' title='bbox 1127 471 1308 509; x_wconf 90' lang='lat' dir='ltr'>dolorem</span> 
     </span>
     <span class='ocr_line' id='line_1_6' title="bbox 213 526 1362 577; baseline 0 -13"><span class='ocrx_word' id='word_1_31' title='bbox 213 527 279 564; x_wconf 80' lang='lat' dir='ltr'>fas</span> <span class='ocrx_word' id='word_1_32' title='bbox 302 528 377 564; x_wconf 89' lang='lat' dir='ltr'>erit</span> <span class='ocrx_word' id='word_1_33' title='bbox 403 528 514 564; x_wconf 87' lang='lat' dir='ltr'>arte?</span> <span class='ocrx_word' id='word_1_34' title='bbox 571 527 688 565; x_wconf 92' lang='lat' dir='ltr'>dolor</span> <span class='ocrx_word' id='word_1_35' title='bbox 714 526 866 575; x_wconf 85' lang='lat' dir='ltr'>duplex</span> <span class='ocrx_word' id='word_1_36' title='bbox 890 539 978 564; x_wconf 85' lang='lat' dir='ltr'>mea</span> <span class='ocrx_word' id='word_1_37' title='bbox 1003 533 1168 576; x_wconf 81' lang='lat' dir='ltr'>pectora</span> <span class='ocrx_word' id='word_1_38' title='bbox 1192 533 1362 577; x_wconf 84' lang='lat' dir='ltr'>torquet,</span> 
     </span>
     <span class='ocr_line' id='line_1_7' title="bbox 213 582 1288 632; baseline -0.001 -12"><span class='ocrx_word' id='word_1_39' title='bbox 213 583 323 620; x_wconf 87' lang='lat' dir='ltr'>illius</span> <span class='ocrx_word' id='word_1_40' title='bbox 345 589 463 632; x_wconf 89' lang='lat' dir='ltr'>atque</span> <span class='ocrx_word' id='word_1_41' title='bbox 485 595 607 621; x_wconf 90' lang='lat' dir='ltr'>meus.</span> <span class='ocrx_word' id='word_1_42' title='bbox 667 582 735 620; x_wconf 88' lang='lat' dir='ltr'>sed</span> <span class='ocrx_word' id='word_1_43' title='bbox 759 582 823 620; x_wconf 81' lang='lat' dir='ltr'>fas</span> <span class='ocrx_word' id='word_1_44' title='bbox 844 583 944 619; x_wconf 89' lang='lat' dir='ltr'>mihi</span> <span class='ocrx_word' id='word_1_45' title='bbox 966 582 1070 629; x_wconf 90' lang='lat' dir='ltr'>flere,</span> <span class='ocrx_word' id='word_1_46' title='bbox 1094 582 1202 632; x_wconf 90' lang='lat' dir='ltr'>quod</span> <span class='ocrx_word' id='word_1_47' title='bbox 1225 583 1288 620; x_wconf 89' lang='lat' dir='ltr'>illi</span> 
     </span>
     <span class='ocr_line' id='line_1_8' title="bbox 213 639 1255 688; baseline -0.001 -12"><span class='ocrx_word' id='word_1_48' title='bbox 213 651 293 677; x_wconf 91' lang='lat' dir='ltr'>non</span> <span class='ocrx_word' id='word_1_49' title='bbox 316 639 434 687; x_wconf 83' lang='lat' dir='ltr'>licet;</span> <span class='ocrx_word' id='word_1_50' title='bbox 461 639 641 677; x_wconf 89' lang='lat' dir='ltr'>occultus</span> <span class='ocrx_word' id='word_1_51' title='bbox 664 639 785 688; x_wconf 89' lang='lat' dir='ltr'>longe</span> <span class='ocrx_word' id='word_1_52' title='bbox 808 639 936 687; x_wconf 86' lang='lat' dir='ltr'>magis</span> <span class='ocrx_word' id='word_1_53' title='bbox 961 645 1116 676; x_wconf 84' lang='lat' dir='ltr'>aestuat</span> <span class='ocrx_word' id='word_1_54' title='bbox 1139 639 1255 688; x_wconf 87' lang='lat' dir='ltr'>ignis.</span> 
     </span>
     <span class='ocr_line' id='line_1_9' title="bbox 213 695 1196 741; baseline 0 -9"><span class='ocrx_word' id='word_1_55' title='bbox 213 695 454 733; x_wconf 89' lang='lat' dir='ltr'>incolumem</span> <span class='ocrx_word' id='word_1_56' title='bbox 478 695 578 732; x_wconf 92' lang='lat' dir='ltr'>mihi</span> <span class='ocrx_word' id='word_1_57' title='bbox 601 707 682 741; x_wconf 88' lang='lat' dir='ltr'>vos,</span> <span class='ocrx_word' id='word_1_58' title='bbox 710 695 806 741; x_wconf 91' lang='lat' dir='ltr'>divi,</span> <span class='ocrx_word' id='word_1_59' title='bbox 835 695 1043 732; x_wconf 87' lang='lat' dir='ltr'>servabitis</span> <span class='ocrx_word' id='word_1_60' title='bbox 1070 695 1196 741; x_wconf 89' lang='lat' dir='ltr'>illam,</span> 
     </span>
    </p>

    <p class='ocr_par' dir='ltr' id='par_1_4' title="bbox 212 751 1253 801">
     <span class='ocr_line' id='line_1_10' title="bbox 212 751 1253 801; baseline 0.001 -13"><span class='ocrx_word' id='word_1_61' title='bbox 212 757 267 797; x_wconf 89' lang='lat' dir='ltr'>ut,</span> <span class='ocrx_word' id='word_1_62' title='bbox 292 751 455 801; x_wconf 90' lang='lat' dir='ltr'>quando</span> <span class='ocrx_word' id='word_1_63' title='bbox 480 751 621 789; x_wconf 82' lang='lat' dir='ltr'>exsilio</span> <span class='ocrx_word' id='word_1_64' title='bbox 645 757 824 800; x_wconf 85' lang='lat' dir='ltr'>repetam</span> <span class='ocrx_word' id='word_1_65' title='bbox 847 763 936 788; x_wconf 90' lang='lat' dir='ltr'>mea</span> <span class='ocrx_word' id='word_1_66' title='bbox 959 763 1054 788; x_wconf 89' lang='lat' dir='ltr'>rura</span> <span class='ocrx_word' id='word_1_67' title='bbox 1078 757 1253 800; x_wconf 82' lang='lat' dir='ltr'>peracto,</span> 
     </span>
    </p>

    <p class='ocr_par' dir='ltr' id='par_1_5' title="bbox 212 807 1381 851">
     <span class='ocr_line' id='line_1_11' title="bbox 212 807 1381 851; baseline 0 -6"><span class='ocrx_word' id='word_1_68' title='bbox 212 807 283 845; x_wconf 86' lang='lat' dir='ltr'>fiat</span> <span class='ocrx_word' id='word_1_69' title='bbox 304 820 416 845; x_wconf 89' lang='lat' dir='ltr'>amor</span> <span class='ocrx_word' id='word_1_70' title='bbox 436 807 539 845; x_wconf 82' lang='lat' dir='ltr'>felix</span> <span class='ocrx_word' id='word_1_71' title='bbox 561 807 703 844; x_wconf 89' lang='lat' dir='ltr'>saltem</span> <span class='ocrx_word' id='word_1_72' title='bbox 723 807 843 844; x_wconf 92' lang='lat' dir='ltr'>semel</span> <span class='ocrx_word' id='word_1_73' title='bbox 866 813 958 844; x_wconf 88' lang='lat' dir='ltr'>ante</span> <span class='ocrx_word' id='word_1_74' title='bbox 979 807 1204 845; x_wconf 88' lang='lat' dir='ltr'>senectam.’</span> <span class='ocrx_word' id='word_1_75' title='bbox 1334 836 1381 851; x_wconf 14' lang='grc' dir='ltr'>χῖ</span> 
     </span>
    </p>

    <p class='ocr_par' dir='ltr' id='par_1_6' title="bbox 212 863 1412 1249">
     <span class='ocr_line' id='line_1_12' title="bbox 267 863 1280 913; baseline -0.001 -12"><span class='ocrx_word' id='word_1_76' title='bbox 267 864 390 901; x_wconf 91' lang='lat' dir='ltr'>Talia</span> <span class='ocrx_word' id='word_1_77' title='bbox 415 864 608 913; x_wconf 85' lang='lat' dir='ltr'>pergebat</span> <span class='ocrx_word' id='word_1_78' title='bbox 633 874 871 909; x_wconf 88' lang='lat' dir='ltr'>memorans,</span> <span class='ocrx_word' id='word_1_79' title='bbox 899 863 1107 912; x_wconf 87' lang='lat' dir='ltr'>voluitque</span> <span class='ocrx_word' id='word_1_80' title='bbox 1134 864 1280 900; x_wconf 89' lang='lat' dir='ltr'>reverti</span> 
     </span>
     <span class='ocr_line' id='line_1_13' title="bbox 221 919 1323 968; baseline -0.001 -11"><span class='ocrx_word' id='word_1_81' title='bbox 221 920 377 968; x_wconf 90' lang='lat' dir='ltr'>(tantus</span> <span class='ocrx_word' id='word_1_82' title='bbox 401 932 512 957; x_wconf 88' lang='lat' dir='ltr'>amor</span> <span class='ocrx_word' id='word_1_83' title='bbox 537 921 731 966; x_wconf 90' lang='lat' dir='ltr'>iuvenem,</span> <span class='ocrx_word' id='word_1_84' title='bbox 758 920 818 956; x_wconf 91' lang='lat' dir='ltr'>vis</span> <span class='ocrx_word' id='word_1_85' title='bbox 843 926 957 956; x_wconf 90' lang='lat' dir='ltr'>tanta</span> <span class='ocrx_word' id='word_1_86' title='bbox 982 919 1133 958; x_wconf 83' lang='lat' dir='ltr'>furoris</span> <span class='ocrx_word' id='word_1_87' title='bbox 1158 919 1323 968; x_wconf 88' lang='lat' dir='ltr'>agebat)</span> 
     </span>
     <span class='ocr_line' id='line_1_14' title="bbox 213 975 1160 1025; baseline -0.001 -12"><span class='ocrx_word' id='word_1_88' title='bbox 213 976 280 1013; x_wconf 89' lang='lat' dir='ltr'>sed</span> <span class='ocrx_word' id='word_1_89' title='bbox 304 976 383 1013; x_wconf 87' lang='lat' dir='ltr'>iam</span> <span class='ocrx_word' id='word_1_90' title='bbox 405 976 511 1013; x_wconf 88' lang='lat' dir='ltr'>iacta</span> <span class='ocrx_word' id='word_1_91' title='bbox 533 975 635 1025; x_wconf 86' lang='lat' dir='ltr'>fuga</span> <span class='ocrx_word' id='word_1_92' title='bbox 658 976 811 1013; x_wconf 89' lang='lat' dir='ltr'>cunctis</span> <span class='ocrx_word' id='word_1_93' title='bbox 835 981 920 1013; x_wconf 88' lang='lat' dir='ltr'>erat</span> <span class='ocrx_word' id='word_1_94' title='bbox 943 975 1031 1013; x_wconf 85' lang='lat' dir='ltr'>alea</span> <span class='ocrx_word' id='word_1_95' title='bbox 1053 981 1160 1013; x_wconf 90' lang='lat' dir='ltr'>nota.</span> 
     </span>
     <span class='ocr_line' id='line_1_15' title="bbox 212 1031 1252 1079; baseline 0 -11"><span class='ocrx_word' id='word_1_96' title='bbox 212 1031 359 1070; x_wconf 85' lang='lat' dir='ltr'>fronde</span> <span class='ocrx_word' id='word_1_97' title='bbox 381 1032 454 1069; x_wconf 88' lang='lat' dir='ltr'>sub</span> <span class='ocrx_word' id='word_1_98' title='bbox 480 1032 686 1069; x_wconf 87' lang='lat' dir='ltr'>Herculea</span> <span class='ocrx_word' id='word_1_99' title='bbox 710 1031 839 1069; x_wconf 84' lang='lat' dir='ltr'>fessus</span> <span class='ocrx_word' id='word_1_100' title='bbox 861 1044 1041 1069; x_wconf 86' lang='lat' dir='ltr'>maerore</span> <span class='ocrx_word' id='word_1_101' title='bbox 1066 1031 1252 1079; x_wconf 86' lang='lat' dir='ltr'>sedebat;</span> 
     </span>
     <span class='ocr_line' id='line_1_16' title="bbox 212 1088 987 1137; baseline -0.001 -12"><span class='ocrx_word' id='word_1_102' title='bbox 212 1100 300 1125; x_wconf 88' lang='lat' dir='ltr'>ecce</span> <span class='ocrx_word' id='word_1_103' title='bbox 324 1088 499 1137; x_wconf 84' lang='lat' dir='ltr'>puellari</span> <span class='ocrx_word' id='word_1_104' title='bbox 523 1088 638 1137; x_wconf 88' lang='lat' dir='ltr'>virgo</span> <span class='ocrx_word' id='word_1_105' title='bbox 664 1088 814 1136; x_wconf 89' lang='lat' dir='ltr'>stipata</span> <span class='ocrx_word' id='word_1_106' title='bbox 838 1099 987 1126; x_wconf 91' lang='lat' dir='ltr'>corona</span> 
     </span>
     <span class='ocr_line' id='line_1_17' title="bbox 212 1143 1412 1193; baseline -0.001 -11"><span class='ocrx_word' id='word_1_107' title='bbox 212 1157 293 1190; x_wconf 91' lang='lat' dir='ltr'>ora,</span> <span class='ocrx_word' id='word_1_108' title='bbox 318 1156 472 1191; x_wconf 90' lang='lat' dir='ltr'>manus,</span> <span class='ocrx_word' id='word_1_109' title='bbox 500 1144 637 1182; x_wconf 89' lang='lat' dir='ltr'>oculos</span> <span class='ocrx_word' id='word_1_110' title='bbox 662 1144 924 1193; x_wconf 89' lang='lat' dir='ltr'>habitumque</span> <span class='ocrx_word' id='word_1_111' title='bbox 949 1143 1157 1181; x_wconf 89' lang='lat' dir='ltr'>simillima</span> <span class='ocrx_word' id='word_1_112' title='bbox 1185 1143 1412 1192; x_wconf 83' lang='lat' dir='ltr'>Nymphae,</span> 
     </span>
     <span class='ocr_line' id='line_1_18' title="bbox 212 1199 1211 1249; baseline 0 -12"><span class='ocrx_word' id='word_1_113' title='bbox 212 1206 249 1237; x_wconf 88' lang='lat' dir='ltr'>et</span> <span class='ocrx_word' id='word_1_114' title='bbox 270 1200 344 1237; x_wconf 92' lang='lat' dir='ltr'>tali</span> <span class='ocrx_word' id='word_1_115' title='bbox 365 1200 492 1237; x_wconf 85' lang='lat' dir='ltr'>affata</span> <span class='ocrx_word' id='word_1_116' title='bbox 513 1206 571 1237; x_wconf 89' lang='lat' dir='ltr'>est</span> <span class='ocrx_word' id='word_1_117' title='bbox 592 1212 762 1249; x_wconf 88' lang='lat' dir='ltr'>puerum</span> <span class='ocrx_word' id='word_1_118' title='bbox 783 1212 964 1238; x_wconf 89' lang='lat' dir='ltr'>sermone</span> <span class='ocrx_word' id='word_1_119' title='bbox 986 1199 1211 1237; x_wconf 87' lang='lat' dir='ltr'>dolentem:</span> 
     </span>
    </p>

    <p class='ocr_par' dir='ltr' id='par_1_7' title="bbox 210 1255 1370 2484">
     <span class='ocr_line' id='line_1_19' title="bbox 268 1255 1282 1306; baseline -0.002 -11"><span class='ocrx_word' id='word_1_120' title='bbox 268 1255 276 1271; x_wconf 87' lang='lat'>‘</span> <span class='ocrx_word' id='word_1_121' title='bbox 295 1256 399 1295; x_wconf 90' lang='lat' dir='ltr'>Care</span> <span class='ocrx_word' id='word_1_122' title='bbox 421 1268 531 1305; x_wconf 89' lang='lat' dir='ltr'>puer,</span> <span class='ocrx_word' id='word_1_123' title='bbox 555 1268 634 1306; x_wconf 90' lang='lat' dir='ltr'>quo</span> <span class='ocrx_word' id='word_1_124' title='bbox 657 1255 788 1293; x_wconf 89' lang='lat' dir='ltr'>tendis</span> <span class='ocrx_word' id='word_1_125' title='bbox 811 1257 912 1293; x_wconf 86' lang='lat' dir='ltr'>iter?</span> <span class='ocrx_word' id='word_1_126' title='bbox 970 1256 1140 1305; x_wconf 87' lang='lat' dir='ltr'>vestigia</span> <span class='ocrx_word' id='word_1_127' title='bbox 1162 1261 1282 1293; x_wconf 90' lang='lat' dir='ltr'>verte.</span> 
     </span>
     <span class='ocr_line' id='line_1_20' title="bbox 212 1311 1189 1362; baseline -0.001 -13"><span class='ocrx_word' id='word_1_128' title='bbox 212 1313 351 1358; x_wconf 87' lang='lat' dir='ltr'>nescis,</span> <span class='ocrx_word' id='word_1_129' title='bbox 372 1312 451 1349; x_wconf 90' lang='lat' dir='ltr'>heu</span> <span class='ocrx_word' id='word_1_130' title='bbox 470 1313 597 1350; x_wconf 87' lang='lat' dir='ltr'>nescis</span> <span class='ocrx_word' id='word_1_131' title='bbox 619 1324 698 1362; x_wconf 88' lang='lat' dir='ltr'>quo</span> <span class='ocrx_word' id='word_1_132' title='bbox 719 1318 758 1349; x_wconf 92' lang='lat' dir='ltr'>te</span> <span class='ocrx_word' id='word_1_133' title='bbox 778 1313 844 1349; x_wconf 90' lang='lat' dir='ltr'>via</span> <span class='ocrx_word' id='word_1_134' title='bbox 864 1312 986 1350; x_wconf 89' lang='lat' dir='ltr'>ducat</span> <span class='ocrx_word' id='word_1_135' title='bbox 1006 1318 1044 1349; x_wconf 81' lang='lat' dir='ltr'>et.</span> <span class='ocrx_word' id='word_1_136' title='bbox 1066 1311 1189 1349; x_wconf 88' lang='lat' dir='ltr'>audes</span> 
     </span>
     <span class='ocr_line' id='line_1_21' title="bbox 212 1368 1035 1418; baseline 0.001 -13"><span class='ocrx_word' id='word_1_137' title='bbox 212 1369 360 1418; x_wconf 84' lang='lat' dir='ltr'>ignotis</span> <span class='ocrx_word' id='word_1_138' title='bbox 386 1380 518 1406; x_wconf 89' lang='lat' dir='ltr'>errare</span> <span class='ocrx_word' id='word_1_139' title='bbox 543 1368 643 1406; x_wconf 91' lang='lat' dir='ltr'>locis</span> <span class='ocrx_word' id='word_1_140' title='bbox 668 1368 772 1405; x_wconf 81' lang='lat' dir='ltr'>nihil</span> <span class='ocrx_word' id='word_1_141' title='bbox 798 1368 1035 1406; x_wconf 86' lang='lat' dir='ltr'>insidiarum</span> 
     </span>
     <span class='ocr_line' id='line_1_22' title="bbox 213 1424 1252 1474; baseline -0.001 -12"><span class='ocrx_word' id='word_1_142' title='bbox 213 1437 283 1473; x_wconf 90' lang='lat' dir='ltr'>per</span> <span class='ocrx_word' id='word_1_143' title='bbox 309 1436 471 1474; x_wconf 87' lang='lat' dir='ltr'>campos</span> <span class='ocrx_word' id='word_1_144' title='bbox 496 1430 607 1462; x_wconf 89' lang='lat' dir='ltr'>ratus</span> <span class='ocrx_word' id='word_1_145' title='bbox 631 1424 832 1470; x_wconf 90' lang='lat' dir='ltr'>herbosos,</span> <span class='ocrx_word' id='word_1_146' title='bbox 860 1424 963 1461; x_wconf 90' lang='lat' dir='ltr'>nihil</span> <span class='ocrx_word' id='word_1_147' title='bbox 990 1435 1072 1462; x_wconf 90' lang='lat' dir='ltr'>esse</span> <span class='ocrx_word' id='word_1_148' title='bbox 1098 1424 1252 1474; x_wconf 87' lang='lat' dir='ltr'>pericli.</span> 
     </span>
     <span class='ocr_line' id='line_1_23' title="bbox 212 1480 1211 1530; baseline -0.001 -12"><span class='ocrx_word' id='word_1_149' title='bbox 212 1481 346 1519; x_wconf 89' lang='lat' dir='ltr'>omnia</span> <span class='ocrx_word' id='word_1_150' title='bbox 367 1486 455 1518; x_wconf 89' lang='lat' dir='ltr'>tuta</span> <span class='ocrx_word' id='word_1_151' title='bbox 475 1486 593 1530; x_wconf 89' lang='lat' dir='ltr'>putas</span> <span class='ocrx_word' id='word_1_152' title='bbox 616 1486 653 1518; x_wconf 89' lang='lat' dir='ltr'>et</span> <span class='ocrx_word' id='word_1_153' title='bbox 675 1480 783 1530; x_wconf 90' lang='lat' dir='ltr'>quod</span> <span class='ocrx_word' id='word_1_154' title='bbox 805 1480 939 1529; x_wconf 88' lang='lat' dir='ltr'>placet</span> <span class='ocrx_word' id='word_1_155' title='bbox 960 1480 1060 1518; x_wconf 92' lang='lat' dir='ltr'>utile</span> <span class='ocrx_word' id='word_1_156' title='bbox 1082 1480 1211 1518; x_wconf 88' lang='lat' dir='ltr'>credis</span> 
     </span>
     <span class='ocr_line' id='line_1_24' title="bbox 210 1536 1240 1582; baseline 0 -8"><span class='ocrx_word' id='word_1_157' title='bbox 210 1549 319 1575; x_wconf 89' lang='lat' dir='ltr'>more</span> <span class='ocrx_word' id='word_1_158' title='bbox 341 1537 559 1574; x_wconf 88' lang='lat' dir='ltr'>iuventutis</span> <span class='ocrx_word' id='word_1_159' title='bbox 582 1536 781 1582; x_wconf 78' lang='lat' dir='ltr'>stolidae.1</span> <span class='ocrx_word' id='word_1_160' title='bbox 824 1536 1017 1574; x_wconf 87' lang='lat' dir='ltr'>collectus</span> <span class='ocrx_word' id='word_1_161' title='bbox 1040 1537 1082 1574; x_wconf 87' lang='lat' dir='ltr'>in</span> <span class='ocrx_word' id='word_1_162' title='bbox 1103 1536 1240 1575; x_wconf 89' lang='lat' dir='ltr'>orbem</span> 
     </span>
     <span class='ocr_line' id='line_1_25' title="bbox 212 1593 1284 1642; baseline 0 -12"><span class='ocrx_word' id='word_1_163' title='bbox 212 1605 329 1642; x_wconf 87' lang='lat' dir='ltr'>saepe</span> <span class='ocrx_word' id='word_1_164' title='bbox 354 1593 453 1630; x_wconf 90' lang='lat' dir='ltr'>latet</span> <span class='ocrx_word' id='word_1_165' title='bbox 475 1593 592 1631; x_wconf 91' lang='lat' dir='ltr'>molli</span> <span class='ocrx_word' id='word_1_166' title='bbox 616 1593 780 1631; x_wconf 90' lang='lat' dir='ltr'>coluber</span> <span class='ocrx_word' id='word_1_167' title='bbox 804 1593 875 1630; x_wconf 93' lang='lat' dir='ltr'>sub</span> <span class='ocrx_word' id='word_1_168' title='bbox 902 1594 1093 1642; x_wconf 88' lang='lat' dir='ltr'>graminis</span> <span class='ocrx_word' id='word_1_169' title='bbox 1118 1593 1261 1630; x_wconf 88' lang='lat' dir='ltr'>umbra</span> <span class='ocrx_word' id='word_1_170' title='bbox 1275 1605 1284 1640; x_wconf 85' lang='lat'>;</span> 
     </span>
     <span class='ocr_line' id='line_1_26' title="bbox 211 1648 1283 1697; baseline -0.001 -11"><span class='ocrx_word' id='word_1_171' title='bbox 211 1655 270 1687; x_wconf 87' lang='lat' dir='ltr'>est</span> <span class='ocrx_word' id='word_1_172' title='bbox 294 1648 417 1686; x_wconf 82' lang='lat' dir='ltr'>facile</span> <span class='ocrx_word' id='word_1_173' title='bbox 442 1649 624 1687; x_wconf 91' lang='lat' dir='ltr'>incautos</span> <span class='ocrx_word' id='word_1_174' title='bbox 649 1648 865 1687; x_wconf 83' lang='lat' dir='ltr'>offendere.</span> <span class='ocrx_word' id='word_1_175' title='bbox 925 1649 1119 1697; x_wconf 85' lang='lat' dir='ltr'>parvulus</span> <span class='ocrx_word' id='word_1_176' title='bbox 1144 1648 1283 1686; x_wconf 85' lang='lat' dir='ltr'>infans</span> 
     </span>
     <span class='ocr_line' id='line_1_27' title="bbox 211 1705 1189 1754; baseline 0.001 -13"><span class='ocrx_word' id='word_1_177' title='bbox 211 1706 404 1743; x_wconf 88' lang='lat' dir='ltr'>innocuos</span> <span class='ocrx_word' id='word_1_178' title='bbox 427 1705 594 1742; x_wconf 88' lang='lat' dir='ltr'>rutilum</span> <span class='ocrx_word' id='word_1_179' title='bbox 616 1705 765 1754; x_wconf 85' lang='lat' dir='ltr'>digitos</span> <span class='ocrx_word' id='word_1_180' title='bbox 788 1705 968 1742; x_wconf 86' lang='lat' dir='ltr'>extendit</span> <span class='ocrx_word' id='word_1_181' title='bbox 991 1706 1032 1742; x_wconf 89' lang='lat' dir='ltr'>in</span> <span class='ocrx_word' id='word_1_182' title='bbox 1055 1706 1189 1754; x_wconf 85' lang='lat' dir='ltr'>ignem</span> 
     </span>
     <span class='ocr_line' id='line_1_28' title="bbox 211 1761 1127 1811; baseline 0 -13"><span class='ocrx_word' id='word_1_183' title='bbox 211 1773 285 1798; x_wconf 88' lang='lat' dir='ltr'>nec</span> <span class='ocrx_word' id='word_1_184' title='bbox 305 1762 383 1798; x_wconf 89' lang='lat' dir='ltr'>nisi</span> <span class='ocrx_word' id='word_1_185' title='bbox 405 1762 485 1798; x_wconf 88' lang='lat' dir='ltr'>iam</span> <span class='ocrx_word' id='word_1_186' title='bbox 508 1761 638 1799; x_wconf 87' lang='lat' dir='ltr'>laesus</span> <span class='ocrx_word' id='word_1_187' title='bbox 661 1762 764 1798; x_wconf 89' lang='lat' dir='ltr'>vires</span> <span class='ocrx_word' id='word_1_188' title='bbox 787 1761 989 1810; x_wconf 87' lang='lat' dir='ltr'>intellegit</span> <span class='ocrx_word' id='word_1_189' title='bbox 1011 1762 1127 1811; x_wconf 89' lang='lat' dir='ltr'>ignis.</span> 
     </span>
     <span class='ocr_line' id='line_1_29' title="bbox 211 1817 1212 1866; baseline -0.003 -11"><span class='ocrx_word' id='word_1_190' title='bbox 211 1818 309 1855; x_wconf 88' lang='lat' dir='ltr'>haec</span> <span class='ocrx_word' id='word_1_191' title='bbox 331 1818 441 1866; x_wconf 89' lang='lat' dir='ltr'>regio</span> <span class='ocrx_word' id='word_1_192' title='bbox 463 1818 658 1854; x_wconf 89' lang='lat' dir='ltr'>intrantes</span> <span class='ocrx_word' id='word_1_193' title='bbox 681 1817 794 1855; x_wconf 89' lang='lat' dir='ltr'>aditu</span> <span class='ocrx_word' id='word_1_194' title='bbox 816 1818 1022 1855; x_wconf 90' lang='lat' dir='ltr'>consuevit</span> <span class='ocrx_word' id='word_1_195' title='bbox 1045 1829 1212 1855; x_wconf 79' lang='lat' dir='ltr'>amoeno</span> 
     </span>
     <span class='ocr_line' id='line_1_30' title="bbox 213 1873 1129 1923; baseline -0.001 -12"><span class='ocrx_word' id='word_1_196' title='bbox 213 1873 369 1919; x_wconf 80' lang='lat' dir='ltr'>fallere,</span> <span class='ocrx_word' id='word_1_197' title='bbox 395 1873 562 1910; x_wconf 88' lang='lat' dir='ltr'>delicias</span> <span class='ocrx_word' id='word_1_198' title='bbox 587 1873 706 1912; x_wconf 85' lang='lat' dir='ltr'>offert</span> <span class='ocrx_word' id='word_1_199' title='bbox 730 1879 768 1911; x_wconf 89' lang='lat' dir='ltr'>et</span> <span class='ocrx_word' id='word_1_200' title='bbox 793 1873 942 1923; x_wconf 86' lang='lat' dir='ltr'>gaudia</span> <span class='ocrx_word' id='word_1_201' title='bbox 956 1886 965 1921; x_wconf 81' lang='lat'>3</span> <span class='ocrx_word' id='word_1_202' title='bbox 991 1885 1129 1911; x_wconf 88' lang='lat' dir='ltr'>verum</span> 
     </span>
     <span class='ocr_line' id='line_1_31' title="bbox 212 1929 1225 1979; baseline 0.001 -13"><span class='ocrx_word' id='word_1_203' title='bbox 212 1930 422 1979; x_wconf 58' lang='lat' dir='ltr'>ingressis,</span> <span class='ocrx_word' id='word_1_204' title='bbox 437 1941 528 1967; x_wconf 94' lang='lat' dir='ltr'>cum</span> <span class='ocrx_word' id='word_1_205' title='bbox 552 1930 665 1967; x_wconf 85' lang='lat' dir='ltr'>triste</span> <span class='ocrx_word' id='word_1_206' title='bbox 690 1929 793 1966; x_wconf 92' lang='lat' dir='ltr'>nihil</span> <span class='ocrx_word' id='word_1_207' title='bbox 820 1941 1023 1978; x_wconf 88' lang='lat' dir='ltr'>superesse</span> <span class='ocrx_word' id='word_1_208' title='bbox 1048 1935 1225 1979; x_wconf 87' lang='lat' dir='ltr'>putatur,</span> 
     </span>
     <span class='ocr_line' id='line_1_32' title="bbox 211 1984 1235 2035; baseline 0 -13"><span class='ocrx_word' id='word_1_209' title='bbox 211 1985 323 2022; x_wconf 87' lang='lat' dir='ltr'>mille</span> <span class='ocrx_word' id='word_1_210' title='bbox 343 1991 461 2034; x_wconf 89' lang='lat' dir='ltr'>parat</span> <span class='ocrx_word' id='word_1_211' title='bbox 483 1984 647 2035; x_wconf 87' lang='lat' dir='ltr'>laqueos</span> <span class='ocrx_word' id='word_1_212' title='bbox 670 1992 708 2023; x_wconf 88' lang='lat' dir='ltr'>et</span> <span class='ocrx_word' id='word_1_213' title='bbox 728 1985 841 2023; x_wconf 90' lang='lat' dir='ltr'>mille</span> <span class='ocrx_word' id='word_1_214' title='bbox 863 1986 1046 2035; x_wconf 89' lang='lat' dir='ltr'>pericula</span> <span class='ocrx_word' id='word_1_215' title='bbox 1065 1985 1235 2035; x_wconf 80' lang='lat' dir='ltr'>profert.</span> 
     </span>
     <span class='ocr_line' id='line_1_33' title="bbox 212 2041 1282 2091; baseline -0.001 -12"><span class='ocrx_word' id='word_1_216' title='bbox 212 2048 358 2079; x_wconf 88' lang='lat' dir='ltr'>trames</span> <span class='ocrx_word' id='word_1_217' title='bbox 379 2041 457 2088; x_wconf 91' lang='lat' dir='ltr'>hic,</span> <span class='ocrx_word' id='word_1_218' title='bbox 482 2047 526 2079; x_wconf 90' lang='lat' dir='ltr'>ut</span> <span class='ocrx_word' id='word_1_219' title='bbox 549 2042 695 2079; x_wconf 90' lang='lat' dir='ltr'>collem</span> <span class='ocrx_word' id='word_1_220' title='bbox 720 2054 856 2091; x_wconf 87' lang='lat' dir='ltr'>gressu</span> <span class='ocrx_word' id='word_1_221' title='bbox 880 2042 1129 2090; x_wconf 90' lang='lat' dir='ltr'>superaveris</span> <span class='ocrx_word' id='word_1_222' title='bbox 1153 2042 1282 2083; x_wconf 79' lang='lat' dir='ltr'>illum.</span> 
     </span>
     <span class='ocr_line' id='line_1_34' title="bbox 211 2097 1197 2143; baseline 0.001 -9"><span class='ocrx_word' id='word_1_223' title='bbox 211 2097 324 2135; x_wconf 86' lang='lat' dir='ltr'>ducit</span> <span class='ocrx_word' id='word_1_224' title='bbox 343 2098 385 2134; x_wconf 90' lang='lat' dir='ltr'>in</span> <span class='ocrx_word' id='word_1_225' title='bbox 404 2097 634 2135; x_wconf 90' lang='lat' dir='ltr'>umbrosam</span> <span class='ocrx_word' id='word_1_226' title='bbox 655 2098 811 2143; x_wconf 85' lang='lat' dir='ltr'>silvam,</span> <span class='ocrx_word' id='word_1_227' title='bbox 834 2097 995 2135; x_wconf 89' lang='lat' dir='ltr'>crudele</span> <span class='ocrx_word' id='word_1_228' title='bbox 1017 2097 1197 2135; x_wconf 82' lang='lat' dir='ltr'>ferarum</span> 
     </span>
     <span class='ocr_line' id='line_1_35' title="bbox 211 2153 1248 2202; baseline 0.001 -12"><span class='ocrx_word' id='word_1_229' title='bbox 211 2154 444 2202; x_wconf 79' lang='lat' dir='ltr'>hospitium,</span> <span class='ocrx_word' id='word_1_230' title='bbox 470 2153 562 2191; x_wconf 89' lang='lat' dir='ltr'>loca</span> <span class='ocrx_word' id='word_1_231' title='bbox 587 2159 715 2191; x_wconf 89' lang='lat' dir='ltr'>taetra</span> <span class='ocrx_word' id='word_1_232' title='bbox 741 2154 820 2191; x_wconf 91' lang='lat' dir='ltr'>situ</span> <span class='ocrx_word' id='word_1_233' title='bbox 847 2160 884 2190; x_wconf 91' lang='lat' dir='ltr'>et</span> <span class='ocrx_word' id='word_1_234' title='bbox 911 2154 1085 2202; x_wconf 85' lang='lat' dir='ltr'>caligine</span> <span class='ocrx_word' id='word_1_235' title='bbox 1112 2166 1248 2202; x_wconf 87' lang='lat' dir='ltr'>opaca.</span> 
     </span>
     <span class='ocr_line' id='line_1_36' title="bbox 212 2209 1158 2259; baseline 0 -12"><span class='ocrx_word' id='word_1_236' title='bbox 212 2210 391 2259; x_wconf 90' lang='lat' dir='ltr'>quisquis</span> <span class='ocrx_word' id='word_1_237' title='bbox 413 2221 457 2247; x_wconf 88' lang='lat' dir='ltr'>eo</span> <span class='ocrx_word' id='word_1_238' title='bbox 478 2209 667 2258; x_wconf 89' lang='lat' dir='ltr'>deceptus</span> <span class='ocrx_word' id='word_1_239' title='bbox 689 2210 772 2247; x_wconf 88' lang='lat' dir='ltr'>abit</span> <span class='ocrx_word' id='word_1_240' title='bbox 792 2222 967 2246; x_wconf 88' lang='lat' dir='ltr'>remeare</span> <span class='ocrx_word' id='word_1_241' title='bbox 988 2216 1158 2255; x_wconf 84' lang='lat' dir='ltr'>vetatur,</span> 
     </span>
     <span class='ocr_line' id='line_1_37' title="bbox 211 2265 1095 2314; baseline 0 -12"><span class='ocrx_word' id='word_1_242' title='bbox 211 2271 249 2303; x_wconf 88' lang='lat' dir='ltr'>et</span> <span class='ocrx_word' id='word_1_243' title='bbox 272 2266 394 2314; x_wconf 88' lang='lat' dir='ltr'>piceis</span> <span class='ocrx_word' id='word_1_244' title='bbox 417 2266 592 2314; x_wconf 91' lang='lat' dir='ltr'>primum</span> <span class='ocrx_word' id='word_1_245' title='bbox 615 2265 772 2303; x_wconf 89' lang='lat' dir='ltr'>velatur</span> <span class='ocrx_word' id='word_1_246' title='bbox 795 2265 952 2303; x_wconf 88' lang='lat' dir='ltr'>lumina</span> <span class='ocrx_word' id='word_1_247' title='bbox 973 2266 1095 2312; x_wconf 89' lang='lat' dir='ltr'>vittis,</span> 
     </span>
     <span class='ocr_line' id='line_1_38' title="bbox 212 2321 1370 2371; baseline -0.001 -12"><span class='ocrx_word' id='word_1_248' title='bbox 212 2321 357 2359; x_wconf 91' lang='lat' dir='ltr'>deinde</span> <span class='ocrx_word' id='word_1_249' title='bbox 377 2333 449 2370; x_wconf 90' lang='lat' dir='ltr'>per</span> <span class='ocrx_word' id='word_1_250' title='bbox 469 2333 586 2360; x_wconf 90' lang='lat' dir='ltr'>omne</span> <span class='ocrx_word' id='word_1_251' title='bbox 606 2333 757 2368; x_wconf 89' lang='lat' dir='ltr'>nemus,</span> <span class='ocrx_word' id='word_1_252' title='bbox 780 2321 944 2359; x_wconf 89' lang='lat' dir='ltr'>dumeta</span> <span class='ocrx_word' id='word_1_253' title='bbox 964 2333 1035 2371; x_wconf 91' lang='lat' dir='ltr'>per</span> <span class='ocrx_word' id='word_1_254' title='bbox 1057 2334 1199 2371; x_wconf 90' lang='lat' dir='ltr'>aspera</span> <span class='ocrx_word' id='word_1_255' title='bbox 1219 2328 1370 2360; x_wconf 77' lang='lat' dir='ltr'>tractus</span> 
     </span>
     <span class='ocr_line' id='line_1_39' title="bbox 213 2377 1363 2428; baseline 0 -13"><span class='ocrx_word' id='word_1_256' title='bbox 213 2379 356 2415; x_wconf 87' lang='lat' dir='ltr'>transit</span> <span class='ocrx_word' id='word_1_257' title='bbox 379 2378 420 2414; x_wconf 89' lang='lat' dir='ltr'>in</span> <span class='ocrx_word' id='word_1_258' title='bbox 445 2377 614 2427; x_wconf 87' lang='lat' dir='ltr'>effigiem</span> <span class='ocrx_word' id='word_1_259' title='bbox 635 2378 816 2416; x_wconf 86' lang='lat' dir='ltr'>monstri.</span> <span class='ocrx_word' id='word_1_260' title='bbox 877 2377 974 2415; x_wconf 90' lang='lat' dir='ltr'>dum</span> <span class='ocrx_word' id='word_1_261' title='bbox 996 2378 1158 2416; x_wconf 87' lang='lat' dir='ltr'>volvere</span> <span class='ocrx_word' id='word_1_262' title='bbox 1182 2378 1363 2428; x_wconf 86' lang='lat' dir='ltr'>linguam</span> 
     </span>
     <span class='ocr_line' id='line_1_40' title="bbox 213 2433 1306 2484; baseline 0 -13"><span class='ocrx_word' id='word_1_263' title='bbox 213 2440 332 2483; x_wconf 86' lang='lat' dir='ltr'>atque</span> <span class='ocrx_word' id='word_1_264' title='bbox 356 2433 469 2483; x_wconf 92' lang='lat' dir='ltr'>loqui</span> <span class='ocrx_word' id='word_1_265' title='bbox 495 2439 677 2483; x_wconf 87' lang='lat' dir='ltr'>temptat,</span> <span class='ocrx_word' id='word_1_266' title='bbox 704 2435 836 2484; x_wconf 88' lang='lat' dir='ltr'>mugit</span> <span class='ocrx_word' id='word_1_267' title='bbox 849 2446 860 2482; x_wconf 74' lang='lat'><em>3</em></span> <span class='ocrx_word' id='word_1_268' title='bbox 889 2433 986 2471; x_wconf 92' lang='lat' dir='ltr'>dum</span> <span class='ocrx_word' id='word_1_269' title='bbox 1013 2434 1200 2472; x_wconf 84' lang='lat' dir='ltr'>attollere</span> <span class='ocrx_word' id='word_1_270' title='bbox 1225 2446 1306 2471; x_wconf 91' lang='lat' dir='ltr'>sese</span> 
     </span>
    </p>
   </div>
   <div class='ocr_carea' id='block_1_3' title="bbox 1296 1517 1351 1534">
    <p class='ocr_par' dir='ltr' id='par_1_8' title="bbox 1296 1517 1351 1534">
     <span class='ocr_line' id='line_1_41' title="bbox 1296 1517 1351 1534; baseline 0.018 -1"><span class='ocrx_word' id='word_1_271' title='bbox 1296 1522 1319 1533; x_wconf 49' lang='grc' dir='ltr'>κ,</span> <span class='ocrx_word' id='word_1_272' title='bbox 1344 1517 1351 1534; x_wconf 72' lang='grc'><strong><em>&lt;</em></strong></span> 
     </span>
    </p>
   </div>
   <div class='ocr_carea' id='block_1_4' title="bbox 213 2489 1443 2539">
    <p class='ocr_par' dir='ltr' id='par_1_9' title="bbox 213 2489 1443 2539">
     <span class='ocr_line' id='line_1_42' title="bbox 213 2489 1443 2539; baseline -0.001 -12"><span class='ocrx_word' id='word_1_273' title='bbox 213 2489 352 2535; x_wconf 88' lang='lat' dir='ltr'>credit,</span> <span class='ocrx_word' id='word_1_274' title='bbox 378 2489 491 2527; x_wconf 88' lang='lat' dir='ltr'>humi</span> <span class='ocrx_word' id='word_1_275' title='bbox 517 2489 699 2539; x_wconf 88' lang='lat' dir='ltr'>graditur</span> <span class='ocrx_word' id='word_1_276' title='bbox 725 2489 956 2539; x_wconf 89' lang='lat' dir='ltr'>quadrupes</span> <span class='ocrx_word' id='word_1_277' title='bbox 979 2501 1107 2539; x_wconf 89' lang='lat' dir='ltr'>neque</span> <span class='ocrx_word' id='word_1_278' title='bbox 1133 2491 1299 2538; x_wconf 87' lang='lat' dir='ltr'>suspicit</span> <span class='ocrx_word' id='word_1_279' title='bbox 1326 2496 1443 2528; x_wconf 88' lang='lat' dir='ltr'>astra.</span> 
     </span>
    </p>
   </div>
   <div class='ocr_carea' id='block_1_5' title="bbox 214 2545 1169 2599">
    <p class='ocr_par' dir='ltr' id='par_1_10' title="bbox 214 2545 1169 2599">
     <span class='ocr_line' id='line_1_43' title="bbox 214 2545 1169 2599; baseline 0.002 -17"><span class='ocrx_word' id='word_1_280' title='bbox 214 2546 294 2585; x_wconf 89' lang='lat' dir='ltr'>ima</span> <span class='ocrx_word' id='word_1_281' title='bbox 318 2545 550 2586; x_wconf 85' lang='lat' dir='ltr'>tenebrosae</span> <span class='ocrx_word' id='word_1_282' title='bbox 575 2545 695 2585; x_wconf 88' lang='lat' dir='ltr'>vallis</span> <span class='ocrx_word' id='word_1_283' title='bbox 719 2545 831 2585; x_wconf 88' lang='lat' dir='ltr'>lacus</span> <span class='ocrx_word' id='word_1_284' title='bbox 858 2557 1028 2599; x_wconf 89' lang='lat' dir='ltr'>aequore</span> <span class='ocrx_word' id='word_1_285' title='bbox 1052 2546 1169 2597; x_wconf 87' lang='lat' dir='ltr'>nigro</span> 
     </span>
    </p>
   </div>
   <div class='ocr_carea' id='block_1_6' title="bbox 1551 204 1602 239">
    <p class='ocr_par' dir='ltr' id='par_1_11' title="bbox 1551 204 1602 239">
     <span class='ocr_line' id='line_1_44' title="bbox 1551 204 1602 239; baseline 0.02 -1"><span class='ocrx_word' id='word_1_286' title='bbox 1551 204 1602 239; x_wconf 78' lang='lat'>99</span> 
     </span>
    </p>
   </div>
   <div class='ocr_carea' id='block_1_7' title="bbox 1551 585 1603 621">
    <p class='ocr_par' dir='ltr' id='par_1_12' title="bbox 1551 585 1603 621">
     <span class='ocr_line' id='line_1_45' title="bbox 1551 585 1603 621; baseline -0.019 0"><span class='ocrx_word' id='word_1_287' title='bbox 1551 585 1603 621; x_wconf 90' lang='lat'>80</span> 
     </span>
    </p>
   </div>
   <div class='ocr_carea' id='block_1_8' title="bbox 1550 1145 1603 1182">
    <p class='ocr_par' dir='ltr' id='par_1_13' title="bbox 1550 1145 1603 1182">
     <span class='ocr_line' id='line_1_46' title="bbox 1550 1145 1603 1182; baseline -0.019 0"><span class='ocrx_word' id='word_1_288' title='bbox 1550 1145 1603 1182; x_wconf 90' lang='lat'>90</span> 
     </span>
    </p>
   </div>
   <div class='ocr_carea' id='block_1_9' title="bbox 1410 1466 1665 1525">
    <p class='ocr_par' dir='ltr' id='par_1_14' title="bbox 1354 1466 1665 1525">
     <span class='ocr_line' id='line_1_47' title="bbox 1410 1466 1665 1525; baseline 0 -39"><span class='ocrx_word' id='word_1_289' title='bbox 1410 1466 1475 1525; x_wconf 67' lang='grc' dir='ltr'>χ</span> <span class='ocrx_word' id='word_1_290' title='bbox 1530 1484 1611 1516; x_wconf 16' lang='lat'>*4¹</span> <span class='ocrx_word' id='word_1_291' title='bbox 1658 1493 1665 1504; x_wconf 38' lang='grc' dir='ltr'><strong>Ἰ</strong></span> 
     </span>
    </p>
   </div>
   <div class='ocr_carea' id='block_1_10' title="bbox 1529 1706 1602 1742">
    <p class='ocr_par' dir='ltr' id='par_1_15' title="bbox 1529 1706 1602 1742">
     <span class='ocr_line' id='line_1_48' title="bbox 1529 1706 1602 1742; baseline -0.055 1"><span class='ocrx_word' id='word_1_292' title='bbox 1529 1706 1602 1742; x_wconf 80' lang='lat'>100</span> 
     </span>
    </p>
   </div>
   <div class='ocr_carea' id='block_1_11' title="bbox 1528 2267 1602 2304">
    <p class='ocr_par' dir='ltr' id='par_1_16' title="bbox 1528 2267 1602 2304">
     <span class='ocr_line' id='line_1_49' title="bbox 1528 2267 1602 2304; baseline 0.014 -1"><span class='ocrx_word' id='word_1_293' title='bbox 1528 2267 1602 2304; x_wconf 92' lang='grc'>110</span> 
     </span>
    </p>
   </div>
  </div>
 </body>
</html>
