1798 2784
262 73 332 99 Ι).
379 68 407 117 C}
456 67 574 111 ζωαί,
605 74 737 115 ‘wlsi'

238 182 306 216 132
677 181 912 214 ECLOGUE
937 183 1000 214 IV.
1028 194 1169 223 105—149

232 290 319 311 were
355 281 544 312 translated
579 281 624 321 by
659 281 861 320 Guarino);
904 283 962 322 (4)
1001 284 1272 323 Theophrastus,
1310 285 1391 317 four
1428 286 1621 326 frag-ments

239 325 510 364 (metaphysica,
540 326 593 357 De
624 327 760 358 Natura
790 328 902 366 Ignis.
931 329 984 360 De
1014 329 1183 366 Piscibus,
1214 330 1267 361 De
1299 330 1521 370 Verligine);
1558 331 1615 371 (5)

233 370 394 402 Timaeus
422 371 612 404 Locrensis.
638 372 691 402 De
715 372 844 404 Mundi
867 373 1025 406 fabrica.
1077 374 1111 413 [Ι
1139 385 1209 406 owe
1235 375 1302 406 this
1326 380 1404 407 note
1429 381 1462 407 to
1488 375 1550 408 Dr.
1578 377 1620 408 D.

234 415 268 446 P.
296 415 499 450 Lockwood.
524 417 563 447 os
586 417 768 448 Columbia
795 418 1026 458 University]

283 467 351 499 105.
377 459 562 493 Candidus
594 472 710 493 means
747 462 913 494 Mantuan
946 463 1098 499 himself,
1130 476 1166 495 as
1198 465 1231 495 in
1264 465 1438 504 Eclogues
1470 465 1523 498 IX
1554 466 1623 498 and

237 506 277 536 X.
326 505 386 545 Cp.
420 506 474 537 the
507 507 681 538 reference
713 508 747 538 in
783 507 944 540 Euricius
977 509 1123 545 Cordus,
1154 509 1230 541 Ecl.
1262 510 1298 546 ii,
1330 510 1531 542 ‘Candidus
1562 516 1623 548 est,

236 550 350 589 gelida
371 551 429 590 qui
454 551 618 583 Faustum
641 552 723 583 lusit
745 553 779 583 in
804 553 935 589 umbra,
960 549 964 593 Ι
991 559 1026 585 ut
1049 553 1166 585 retulit
1189 559 1318 586 veteres
1340 554 1478 587 Gallam
1499 555 1624 594 quibus

235 602 366 628 arserat
389 597 507 635 ignes.’

282 641 350 672 108.
378 642 475 680 Virg.
498 642 572 673 Ecl.
597 643 654 673 vii.
679 651 729 678 21,
751 644 948 682 Nymphae,
970 650 1086 675 noster
1107 656 1215 681 amor,
1238 645 1469 676 Libethrides.

283 695 351 725 109.
377 686 479 726 plus:
505 687 674 718 ‘subaudi
715 689 868 719 caeteris.
928 688 1057 727 alioqui
1098 689 1241 721 dixisset
1282 689 1494 728 plurimum’
1540 690 1623 729 (As-

234 732 403 770 censius).

287 786 354 808 110.
382 777 442 817 Cp.
464 788 483 808 a
503 777 601 809 letter
621 778 661 809 of
681 778 813 810 Aeneas
835 778 963 811 Silvius
990 780 1043 818 (to
1065 779 1282 819 Hippolytus
1301 779 1342 812 of
1363 779 1484 816 Milan,
1508 780 1624 820 1446),

235 823 438 854 Remedium
463 828 581 854 conlra
604 834 774 855 amorem:
800 824 807 838 ‘
826 823 952 855 Mulier
975 829 1024 855 est
1049 824 1177 855 animal
1201 824 1454 863 imperfectum,
1478 825 1624 861 varium,

239 867 358 903 fallax,
398 868 516 899 multis
557 868 710 900 moribus
751 869 1037 907 passionibusque
1079 869 1280 906 subiectum,
1321 870 1393 901 sine
1435 869 1512 906 fide,
1554 870 1624 901 sine

238 913 369 949 timore,
397 913 468 944 sine
495 914 699 949 constantia,
727 914 798 945 sine
826 914 961 952 pietate.
1010 914 1050 945 de
1077 914 1130 945 his
1160 914 1281 953 loquor
1308 914 1511 946 mulieribus
1539 925 1625 954 quae

238 964 354 997 turpes
386 958 573 990 admittunt
605 959 759 989 amores.'
808 959 876 990 For
908 970 927 990 a
956 959 1077 998 longer
1111 959 1224 998 string
1253 959 1294 991 of
1323 959 1406 990 such
1437 959 1626 999 uncompli-

238 1009 395 1042 mentary
429 1003 576 1042 epithets
617 1001 719 1042 (with
755 1015 774 1035 a
809 1003 942 1035 similar
979 1005 1102 1043 saving
1137 1004 1250 1036 clause
1285 1010 1320 1036 at
1356 1004 1411 1036 the
1446 1004 1531 1043 end)
1573 1015 1626 1036 see

242 1049 410 1080 Martinez
433 1049 473 1080 de
495 1048 638 1083 Toledo,
661 1049 838 1080 Corvaclzo
866 1049 1004 1088 (1438),
1032 1049 1172 1081 Madrid
1194 1049 1256 1085 ed„
1284 1058 1375 1088 1901,
1397 1060 1430 1089 p.
1455 1049 1506 1080 61.
1554 1049 1627 1087 Cp..

239 1093 321 1130 also,
356 1094 567 1125 Boccaccio's
601 1094 787 1126 Corbaccio
825 1094 1008 1133 (Florence
1041 1094 1104 1130 ed.,
1142 1094 1232 1130 1828,
1264 1105 1296 1133 p.
1334 1094 1436 1133 199):
1469 1093 1562 1126 ‘Ora
1595 1095 1628 1126 io

237 1150 305 1170 non
329 1139 351 1170 t’
374 1139 418 1170 ho
442 1139 536 1170 detto
559 1144 688 1178 quanto
712 1145 831 1178 questa
855 1150 1017 1179 perversa
1040 1139 1260 1171 moltitudine
1285 1139 1336 1171 sia
1359 1139 1478 1179 golosa
1501 1139 1628 1171 ritrosa

239 1195 255 1215 e
289 1184 485 1219 ambiziosa,
517 1185 690 1216 invidiosa
723 1184 894 1216 accidiosa
926 1185 1093 1216 iracunda
1125 1196 1142 1216 e
1175 1184 1295 1220 delira,
1326 1182 1368 1216 ne
1401 1189 1531 1223 quanto
1562 1184 1629 1216 ella

239 1229 293 1261 nel
320 1230 406 1261 sarsi
430 1230 557 1261 servire
581 1230 631 1260 sia
653 1230 839 1269 imperiosa
860 1230 980 1260 noiosa
1003 1240 1142 1260 vezzosa
1166 1236 1356 1261 stomacosa
1379 1240 1395 1260 e
1419 1229 1629 1268 importuna,

239 1285 255 1306 e
278 1274 362 1306 altre
384 1285 459 1306 cose
482 1275 593 1311 assai?
616 1280 676 1306 etc.

292 1329 360 1351 112.
386 1318 562 1351 extremis
592 1319 740 1360 gaudet.
800 1320 844 1351 So
879 1320 927 1351 La
962 1317 1122 1358 Bruyere,
1155 1321 1227 1351 Des
1257 1320 1425 1355 Femmes,
1459 1325 1509 1358 53,
1542 1319 1631 1350 ‘Les

245 1365 386 1397 femmes
407 1371 483 1396 sont
503 1363 690 1396 extremes:
715 1364 796 1396 elles
816 1370 893 1396 sont
913 1364 1106 1396 meilleures
1127 1375 1170 1396 ou
1193 1365 1283 1404 pires
1305 1375 1369 1403 que
1390 1363 1439 1395 les
1457 1363 1632 1396 hommes.'

292 1419 359 1449 114.
386 1411 484 1449 Virg.
512 1411 612 1442 Geor.
638 1410 658 1441 i.
685 1419 758 1445 211,
786 1410 925 1441 brumae
952 1410 1190 1441 intractabilis.

291 1463 359 1495 115.
386 1456 484 1494 Virg.
515 1456 600 1487 Aen.
632 1467 662 1486 x.
693 1462 801 1495 273-5‚
831 1456 911 1486 ‘aut
943 1455 1052 1487 Sirius
1082 1455 1186 1486 ardor
1219 1450 1223 1494 l
1259 1454 1420 1486 ...laevo
1450 1454 1632 1485 contristat

241 1501 370 1533 lumine
394 1501 548 1532 caelum.'
595 1499 706 1532 Canis
729 1501 757 1532 is
782 1500 950 1540 probably
975 1500 1029 1531 the
1055 1500 1213 1538 genitive.

291 1554 359 1585 117.
385 1545 657 1578 amat...odit.
706 1545 766 1585 Cp.
806 1545 929 1577 Publil.
968 1545 1041 1584 Syr.
1078 1545 1183 1581 Sent„
1219 1546 1299 1576 ‘aut
1336 1550 1427 1576 amat
1463 1549 1522 1575 aut
1558 1542 1631 1576 odit

243 1591 376 1626 mulier.
406 1591 454 1622 nil
486 1597 536 1623 est
565 1591 747 1627 tertium;'
778 1590 860 1626 also,
892 1591 946 1622 the
975 1590 1043 1622 line
1073 1591 1108 1621 in
1141 1601 1159 1621 a
1190 1589 1377 1621 mediaeval
1409 1599 1518 1628 poem,
1550 1588 1632 1620 ‘Aut

245 1642 335 1669 amat
361 1642 419 1668 aut
443 1637 535 1668 odit:
560 1637 710 1668 medium
736 1647 805 1668 non
833 1636 963 1667 femina
988 1636 1106 1667 novit’
1138 1635 1194 1673 (C.
1222 1634 1353 1670 Pascal,
1378 1635 1501 1666 Poesia
1525 1634 1634 1666 latina

244 1682 441 1718 medievale,
471 1682 628 1717 Catania,
659 1689 751 1720 1907,
779 1692 811 1720 p.
844 1682 938 1720 179).
986 1679 1199 1721 capitaliter
1227 1679 1324 1712 odit:
1350 1679 1404 1711 the
1433 1679 1632 1718 expression

246 1728 274 1759 is
296 1728 384 1759 cited
410 1728 501 1758 from
526 1727 637 1758 Amm.
665 1728 771 1758 Marc.
798 1735 847 1757 21.
876 1727 922 1757 16.
951 1735 996 1757 11.

295 1772 363 1803 118.
389 1770 554 1804 her'nica:
578 1782 630 1810 cp.
666 1771 865 1803 Mantuan⁷s
898 1771 1079 1808 Alfonsus,
1117 1771 1175 1801 Bk.
1208 1770 1231 1801 ii
1270 1769 1351 1808 (fol.
1385 1769 1482 1808 269),
1515 1767 1635 1799 ‘facili

166 1817 359 1866 w-minus
383 1818 522 1849 hernica
548 1817 667 1849 vultu)

0 1848 168 1917 ..w-w
191 1848 239 1878 s

25 1975 38 1994 ο
72 1906 218 2008 ’(μῆ

0 1979 170 2089 m

295 1872 363 1903 124.
390 1863 451 1902 Cp.
474 1863 572 1902 Virg.
595 1863 680 1894 Aen.
704 1862 747 1893 iv.
772 1862 844 1901 569,
864 1862 1000 1893 varium
1021 1866 1053 1893 et
1074 1861 1239 1892 mutabile
1260 1865 1395 1899 semper
1419 1854 1425 1899 Ι
1448 1859 1591 1897 femina.

296 1917 365 1948 129.
390 1907 548 1948 ganeae:
583 1908 786 1947 ‘gluttony.'
847 1907 915 1938 For
951 1906 1005 1938 the
1041 1906 1210 1945 quantity,
1244 1915 1296 1944 cp.
1333 1905 1437 1937 Prud.
1471 1904 1634 1936 Hamart.

245 1963 319 1993 322,
341 1955 530 1993 gdneonis;
557 1953 608 1984 Id.
631 1953 754 1992 Psyclz.
778 1961 852 1992 343,
873 1954 1085 1991 gdnearum;
1112 1951 1229 1983 Sidon.
1255 1961 1284 1981 v.
1307 1958 1382 1990 340,
1404 1950 1527 1989 gdnea.

295 2008 399 2039 132·3.
426 1999 529 2033 Ovid,
556 1999 640 2029 Met.
670 1998 703 2029 ii.
732 1998 806 2036 467.
834 1997 1084 2036 distuleratque
1112 2007 1237 2035 graves
1266 1996 1300 2026 in
1331 1994 1452 2026 idonea
1481 1998 1636 2034 tempora

245 2051 382 2083 poenas.

296 2084 575 2129 134.'1itigiosa:
599 2099 650 2127 cp.
681 2087 759 2126 Juv.
789 2088 831 2118 vi.
860 2096 933 2125 242,
961 2086 1078 2118 ‘nulla
1106 2086 1177 2118 fere
1204 2095 1307 2117 causa
1334 2090 1383 2115 est
1410 2084 1444 2116 in
1473 2094 1541 2122 qua
1566 2093 1636 2114 non

248 2135 377 2167 femina
399 2135 493 2166 litern
520 2129 524 2174 l
552 2134 718 2165 moverit!

292 2185 349 2217 135
376 2179 430 2209 ff:
451 2178 577 2209 eehoed
601 2178 635 2208 in
665 2179 742 2210 Two
767 2178 895 2209 Italian
922 2177 1122 2208 Gentlemen
1151 2174 1290 2214 (1584),
1313 2173 1467 2213 938-943,
1493 2171 1631 2204 Malone

247 2224 380 2262 Society
414 2223 572 2261 Reprint,
605 2231 696 2261 1910,
727 2221 878 2260 through
913 2221 948 2252 L.
982 2219 1190 2259 Pasqualigo
1225 2220 1297 2257 (see
1327 2229 1359 2257 p.
1390 2218 1474 2257 56):
1506 2217 1631 2249 ‘Busie

246 2268 325 2307 they
352 2279 408 2299 are
436 2267 519 2298 with
546 2278 610 2306 pen
640 2272 672 2298 to
700 2267 796 2297 write
823 2277 886 2298 our
914 2266 1004 2296 vices
1030 2266 1065 2296 in
1094 2275 1156 2296 our
1186 2264 1271 2298 sace.
1302 2264 1368 2295 But
1393 2261 1571 2302 negligent
1597 2266 1631 2292 to

246 2313 366 2344 knowe
395 2313 448 2343 the
478 2312 622 2343 blemish
649 2312 687 2342 os
714 2311 801 2342 their
828 2320 923 2342 owne
950 2310 1117 2348 disgrace.
1169 2309 1331 2341 Gestures
1360 2307 1427 2339 and
1454 2306 1569 2338 lookes
1596 2306 1631 2337 in

247 2358 440 2389 readinesse
464 2362 495 2387 at
522 2357 609 2387 their
633 2356 814 2386 command
839 2355 917 2393 they
941 2354 1039 2386 haue.
1067 2353 1185 2386 Mirth.
1210 2363 1368 2386 sorrowe.
1394 2351 1499 2387 seare,
1522 2349 1632 2390 hope.’

245 2407 306 2433 etc.

298 2449 401 2487 146·9·
429 2447 489 2487 Cp.
519 2447 573 2478 the
600 2446 690 2478 close
719 2446 758 2477 of
787 2445 841 2477 the
873 2444 965 2476 sable
994 2444 1069 2475 ‘De
1099 2443 1240 2474 muliere
1267 2447 1299 2474 et
1327 2446 1431 2482 proco
1459 2440 1542 2473 suo'
1576 2439 1636 2478 (L.

254 2494 441 2527 lIervieux.
468 2493 536 2524 Les
561 2492 747 2529 sabulis-tes
771 2491 887 2525 latins.
914 2489 950 2521 ii.
977 2489 1085 2528 487):
1111 2488 1203 2519 ‘Hic
1231 2487 1368 2522 dicitur,
1395 2485 1487 2525 quod
1513 2484 1637 2516 mulier

252 2539 351 2570 habet
377 2549 493 2570 omnes
519 2543 608 2569 artes
637 2535 786 2575 Dyaboli
811 2541 843 2567 et
870 2535 980 2567 adhuc
1009 2534 1151 2565 ulterius
1179 2539 1286 2564 artem
1314 2542 1426 2563 unam.
1477 2530 1527 2561 De
1555 2529 1637 2560 visis

249 2584 339 2619 enim
362 2583 489 2626 decipit
513 2582 619 2613 veluti
642 2582 682 2613 de
704 2591 773 2612 non
796 2580 900 2613 visis!
