1798 2784
200 172 250 207 86
604 172 877 204 BAPTJSTAE
903 173 1180 206 MANTUANI

200 272 333 310 reddit
356 279 394 310 et
419 274 623 310 exstinctis
649 273 752 311 lucri
777 286 886 323 spem
912 275 1063 313 viribus
1089 275 1235 313 aufert.

200 340 292 366 mox
319 329 393 366 erit
419 329 613 366 utendum
641 330 780 378 partiS,
808 330 928 369 modo
956 322 1144 380 quaerere
1173 338 1340 380 tempus.

200 395 249 421 en
272 383 454 431 formica,
478 385 609 422 brevis
631 385 699 423 sed
722 386 894 435 provida
916 387 1053 433 bestia,
1079 386 1216 425 condit

201 441 241 476 in
261 440 444 478 brumam
465 453 569 479 nova
592 441 706 479 farra
725 443 833 479 cavis
853 449 1002 480 aestate
1023 443 1199 489 latebris,

202 507 298 533 neve
323 503 583 534 renascantur
610 497 749 547 fruges
775 504 880 535 secat
907 510 973 536 ore
999 498 1188 547 sepultas.

254 551 294 590 S.
327 552 437 590 Scire
464 553 736 602 genethliacos
763 553 909 591 fatalia
934 554 1067 592 sidera
1091 554 1242 592 dicunt.

203 608 241 644 hi
264 609 336 646 sub
361 609 563 647 Mercurio
584 615 693 647 vates
714 616 752 647 et
773 609 844 647 sub
869 610 963 648 Iove
985 621 1097 659 reges
1536 612 1588 647 40

203 671 487 714 magnatesque
513 665 649 702 locant
664 677 673 712 ;
704 666 788 702 istis
814 665 884 703 dat
914 666 1097 714 Iuppiter
1125 678 1266 704 aurum

202 727 320 769 atque
344 722 613 770 magistratus,
639 721 709 759 dat
736 721 870 759 Maiae
895 721 1003 759 filius
1029 722 1110 759 illis

204 777 420 826 ingenium.
451 777 643 826 linguam,
673 777 847 815 citharas
875 783 913 815 et
940 778 1128 815 carminis
1155 784 1292 815 artem.

204 833 299 870 haec
320 839 388 870 tua
411 845 518 880 sors,
543 834 640 882 quid
662 834 819 883 quaeris
840 834 963 882 opes?
1023 833 1133 871 Deus
1155 834 1289 872 omnia
1310 834 1350 870 in
1370 844 1508 872 omnes

203 888 361 933 dividit,
388 896 432 926 ut
458 890 601 927 melius
628 890 742 927 nobis
769 889 879 927 videt
906 901 987 927 esse
1014 889 1211 927 futurum.

204 952 308 982 sorte
330 951 399 982 tua
421 952 630 982 contentus
655 946 730 991 abi,
756 946 839 982 sine
863 952 992 983 cetera
1016 946 1142 984 nobis.

261 1001 305 1038 C.
338 1000 439 1039 Sunt
465 1002 536 1038 tibi
561 1001 737 1047 divitiae,
763 1001 862 1038 mihi
886 1002 1088 1049 carmina3
1116 1001 1213 1051 quid
1239 1002 1341 1050 petis
1365 1013 1460 1050 ergo

204 1069 361 1094 carmen
385 1064 422 1094 et
445 1057 602 1094 invadis
625 1064 770 1106 partes,
796 1057 971 1104 Silvane,
996 1057 1175 1095 alienas?

257 1113 298 1151 S.
332 1113 428 1151 Non
454 1113 526 1150 tibi
551 1114 722 1162 surripio
749 1125 909 1150 carmen
934 1125 1006 1151 nec
1029 1113 1235 1162 Apollinis
1261 1126 1382 1160 arma,

205 1169 271 1206 sed
293 1169 389 1206 dare
410 1169 630 1207 dulcisonis
653 1181 767 1207 aures
789 1169 1048 1207 concentibus
1068 1175 1174 1218 opto.
1544 1170 1593 1207 50

262 1225 307 1263 C.
339 1225 382 1264 Si
409 1225 582 1274 gaudere
607 1226 705 1262 meis
731 1226 855 1275 igitur
883 1226 1141 1263 concentibus
1167 1232 1296 1274 optas,

206 1293 276 1319 nos
302 1281 475 1331 gaudere
500 1282 578 1319 tuis
603 1282 757 1330 opibus,
785 1281 959 1327 Silvane,
985 1281 1176 1319 decorum
1201 1288 1270 1319 est.

258 1337 298 1375 S.
334 1337 410 1374 Ille
432 1338 529 1375 meis
551 1338 694 1386 opibus
718 1337 866 1387 gaudet
888 1338 957 1387 qui
978 1337 1139 1387 diligit3
1163 1337 1251 1375 odit

207 1393 366 1432 invidus
391 1401 510 1443 atque
535 1395 669 1432 animo
694 1394 799 1432 bona
827 1393 908 1431 fert
934 1393 1067 1431 aliena
1091 1393 1271 1431 molesto.

263 1450 307 1488 C.
340 1449 406 1488 Sic
431 1462 587 1499 quoque
614 1456 657 1487 tu
681 1450 829 1487 nostris
853 1450 994 1487 absens
1021 1449 1194 1499 gaudere
1220 1449 1407 1488 Camenis

206 1513 266 1543 sat
287 1512 423 1555 potes3
447 1506 546 1543 haec
568 1506 665 1543 artis
686 1512 747 1543 sat
768 1506 848 1543 sint
870 1506 944 1544 tibi
965 1505 1115 1555 gaudia
1134 1511 1305 1543 nostrae.

206 1563 384 1600 carmina
407 1569 497 1600 sunt
521 1563 628 1599 auris
652 1562 848 1608 convivia,
874 1573 1010 1599 caseus
1034 1562 1113 1600 oris
1127 1573 1137 1608 3

207 1619 238 1655 si
262 1619 375 1667 cupis
398 1618 550 1663 auditu,
578 1617 646 1655 fac
669 1630 742 1656 nos
767 1617 940 1667 gaudere
965 1617 1115 1666 palato.

208 1675 282 1712 hoc
304 1687 425 1720 amor,
449 1675 525 1712 hoc
548 1675 686 1723 pietas.
710 1674 786 1711 hoc
809 1673 895 1711 vult
923 1673 1055 1720 Deus;
1081 1674 1216 1711 omnia
1237 1677 1319 1711 non'
1340 1673 1409 1710 dat

206 1731 401 1776 omnibus,
425 1737 468 1768 ut
490 1742 606 1767 nemo
629 1730 703 1767 sibi
725 1731 775 1767 sit
796 1730 892 1768 satis
915 1729 1172 1779 indigeatque
1543 1727 1596 1765 60

207 1787 308 1824 alter
331 1799 405 1835 ope
428 1787 604 1831 alterius,
628 1798 729 1835 quae
752 1798 812 1823 res
834 1786 1044 1834 coniungit
1066 1786 1107 1822 in
1128 1797 1254 1823 unum

208 1855 323 1881 omne
345 1854 481 1892 genuS,
508 1842 662 1887 Gallos,
689 1842 867 1889 Mauros,
894 1841 1019 1879 Italos
1042 1848 1080 1879 et
1104 1841 1252 1878 Iberos.

208 1899 337 1936 sidera
359 1900 592 1948 iungamus:
627 1898 752 1936 facito
775 1898 874 1935 mihi
901 1898 1082 1946 Iuppiter
1106 1897 1222 1943 adsit,

208 1962 245 1992 et
267 1955 338 1992 tibi
365 1955 591 1992 Mercurius
612 1961 746 1992 noster
768 1953 880 1991 dabit
903 1954 1038 1991 omnia
1059 1953 1169 1999 faxo,

210 2011 431 2060 pilleolum,
454 2012 622 2060 virgam,
647 2010 832 2055 citharas,
855 2009 1007 2047 nodum
1029 2009 1234 2054 Herculis,
1258 2009 1353 2046 alas.

261 2067 301 2105 S.
334 2067 449 2104 Vana
474 2067 731 2115 supervacuis
757 2065 934 2103 inculcas
960 2065 1136 2114 plurima
1159 2064 1301 2101 verbis.

266 2123 310 2162 C.
344 2123 461 2160 Vana
486 2124 617 2172 inquis
642 2134 743 2171 quae
768 2122 918 2159 damna
942 2122 1019 2159 tuis
1046 2120 1196 2158 inferre
1223 2120 1409 2157 videntur

209 2179 372 2217 divitiis.
433 2180 464 2216 si
491 2180 549 2215 vis
575 2185 731 2216 nostras
758 2178 897 2215 audire
925 2177 1133 2222 Camenas,

208 2248 299 2273 erue
321 2236 493 2284 sopitam
516 2235 564 2272 de
586 2234 859 2272 sollicitudine
882 2239 1079 2280 mentem,

210 2292 295 2329 vult
317 2292 465 2329 hilares
487 2291 641 2328 animos
663 2289 964 2339 tranquillaque
985 2295 1149 2338 pectora
1170 2299 1341 2326 carmen.
1548 2287 1596 2324 70

210 2355 360 2397 torpeo,
384 2354 428 2385 ut
451 2347 619 2385 esuriem
644 2347 800 2395 patiens
822 2352 860 2383 et
885 2345 1042 2394 frigora
1064 2344 1222 2390 milvus,

212 2403 444 2441 iamdudum
469 2414 683 2452 squarrosa
707 2402 820 2447 cutis,
846 2402 944 2439 situs
968 2406 1140 2448 occupat
1166 2403 1264 2445 ora,‘

211 2472 281 2497 nec
305 2471 424 2509 pecus
448 2460 487 2496 in
511 2458 691 2505 stabulis,
716 2469 788 2495 nec
811 2458 850 2494 in
875 2468 972 2507 agro
996 2456 1119 2501 farra,
1146 2467 1218 2492 nec
1242 2467 1382 2492 aurum

211 2518 250 2553 in
274 2516 442 2563 loculis3
470 2522 506 2552 et
530 2515 589 2552 vis
612 2514 752 2564 positis
775 2526 836 2551 me
860 2514 991 2550 vivere
1015 2512 1147 2549 curis?
