1798 2784
236 182 306 218 106
634 181 907 214 BAPTJSTAE
931 181 1211 216 MANTUANI

226 283 406 320 dandum
429 284 583 332 aliquid
608 284 749 321 nobis?
809 285 954 332 pietate
977 286 1135 334 peculia
1159 293 1352 323 crescunt.

284 337 327 376 C.
362 338 472 386 Quid
489 340 530 376 ni
547 339 702 388 aliquid
719 340 899 377 dandum
916 341 1000 378 est?
1041 353 1142 390 opus
1159 347 1215 379 est
1233 343 1460 389 persolvere
1475 350 1614 381 crates.

281 395 330 432 Α.
364 395 554 432 Rusticus
578 407 629 442 es,
657 397 810 433 ‘crates
828 396 836 412 ’
861 398 1007 434 etenim
1031 409 1103 446 pro
1130 399 1137 413 ‘
1157 397 1336 446 gratibus
1353 398 1361 413 ’
1389 399 1532 448 inquis.

283 451 328 488 C.
363 450 555 489 ‘Crates’
582 459 619 488 et
646 453 653 467 ‘
672 453 829 501 grates'
855 464 981 502 parvo
1004 454 1234 490 discrimine
1258 454 1422 491 distant.
1545 458 1616 492 Ibo

225 507 407 544 dandum
430 507 610 557 aliquid;
638 519 716 545 neu
739 508 800 546 bis
824 508 952 555 detur,
979 510 1062 546 sine
1091 510 1245 547 Pascha
1270 511 1426 556 reverti,

226 563 387 612 quando
414 563 640 602 sacerdotes
667 565 877 602 commissa
903 565 1066 614 piacula
1091 565 1263 604 solvunt.

279 619 329 656 A.
363 618 473 667 Quid
497 619 708 657 dabimus?
753 621 871 658 vituli
894 622 1026 671 gravis
1048 628 1106 658 est
1129 622 1293 659 iactura.
1338 622 1403 658 vel
1426 634 1573 670 agnum

225 675 288 712 vel
312 675 518 724 leporem?
575 677 702 724 pietas
727 677 846 714 etiam
872 677 1088 714 laudabilis
1113 688 1239 714 anser.

282 731 326 769 C.
363 731 483 769 Dona
506 732 623 770 docet
648 738 817 781 tempus.
876 733 1031 782 lepores
1056 734 1257 783 brumalia
1281 734 1399 779 dona,

225 787 387 836 quando
413 788 503 825 nive
526 788 694 826 hiberna
719 789 905 826 currendi
930 796 1066 838 erepta
1092 789 1292 837 facultas3

225 855 340 880 anser
361 843 412 881 ad
435 845 616 881 autumni
640 844 759 882 finem
781 857 985 894 nonasque
1009 845 1217 882 Kalendas
1246 839 1418 876 ‘rna—04⁵

227 901 422 948 pertinet;
450 901 611 937 aestatis
635 900 773 949 coryli,
798 913 903 938 nova
927 913 1056 950 poma,
1083 903 1241 947 racemi,

227 967 414 1004 munera;
442 956 635 993 lactentes
659 957 777 994 haedi
802 964 893 995 sunt
918 958 1020 994 veris
1045 964 1082 994 et
1106 958 1212 1007 agni.

225 1019 320 1049 tunc
343 1013 375 1049 si
399 1012 447 1049 de
473 1012 604 1050 cordis
629 1013 805 1062 aliquem
828 1014 1081 1062 conspexeris
1106 1025 1269 1063 aegrum
1542 1015 1615 1052 170

225 1079 271 1105 ac
294 1075 453 1106 tenuem
478 1070 546 1118 qui
569 1081 642 1106 nec
665 1069 786 1106 vendi
810 1081 882 1106 nec
907 1070 1040 1107 vivere
1065 1070 1190 1118 possit

233 1124 397 1172 (munus
421 1126 495 1162 erit
518 1125 710 1163 sollemne
733 1126 850 1174 satis)
880 1126 1120 1163 donabimus
1143 1137 1303 1174 agnum.

282 1180 374 1230 Ipse
393 1181 505 1227 mihi,
527 1193 618 1218 cum
638 1183 717 1218 iarn
739 1181 897 1230 regredi
918 1188 1009 1231 post
1031 1182 1204 1230 prandia
1226 1182 1382 1227 vellem,

224 1238 404 1274 carmina
429 1237 478 1274 de
506 1237 722 1286 Nymphae
748 1238 1010 1275 sollemnibus
1034 1244 1146 1275 eruta
1174 1237 1291 1274 fastis
1385 1238 1388 1245 ¹

225 1293 393 1330 tradidit
420 1300 457 1330 et
484 1294 599 1339 dixit,
630 1294 688 1331 ‘si
714 1294 874 1343 quando
904 1294 1121 1343 gravabere
1148 1295 1264 1340 curis,

224 1349 320 1386 haec
344 1361 466 1396 cane;
493 1361 566 1398 pro
590 1351 735 1387 mentis
735 1350 1023 1405 medicamine
1049 1361 1209 1389 carmen
1235 1351 1402 1388 habeto:

281 1380 495 1453 ‘Quando
523 1406 785 1444 Molorchaeo
809 1407 935 1443 Titan
959 1406 1165 1444 descendit
1191 1407 1239 1443 ab
1265 1412 1372 1444 astro

224 1473 373 1510 pronus
397 1468 433 1499 et
457 1462 648 1499 Astraeae
673 1463 750 1499 iam
775 1462 916 1499 limina
939 1463 1108 1511 virginis
1132 1463 1266 1507 intrat,

224 1518 392 1567 Virgine
414 1518 584 1555 laetetur
606 1519 730 1566 pubes
752 1525 789 1555 et
813 1530 912 1556 cana
934 1525 1139 1566 senectus;
1558 1558 1561 1561 Δ
1598 1542 1603 1547 ,

173 1588 176 1599 ·
223 1575 382 1611 transiit
404 1574 455 1611 ad
477 1573 651 1623 Superos
673 1581 709 1611 et
733 1574 951 1623 Olympica
972 1586 1096 1623 regna
1119 1575 1270 1623 petivit.
1451 1612 1455 1620 ,
1498 1580 1502 1590 ¹
1527 1574 1613 1611 ‘180

280 1630 446 1679 Ogdoas
470 1637 514 1668 ut
539 1637 624 1668 toto
650 1632 729 1667 iam
754 1631 872 1668 tertia
897 1630 1055 1668 fluxerit
1081 1631 1186 1671 orbe,
1321 1668 1337 1677 γ,
1572 1664 1577 1665 ⁷

224 1686 329 1723 festa
348 1686 432 1723 dies
456 1687 623 1733 iterum;
648 1687 802 1724 natalia
825 1687 1006 1735 Virginis
1028 1698 1116 1724 aras
1149 1721 1162 1726 ,
1188 1682 1248 1725 1«st
1363 1719 1374 1745 ς
1409 1700 1412 1701 ’
1485 1672 1575 1770 ΛΤ)
1629 1656 1648 1705 Y

225 1743 383 1792 ignibus
409 1743 627 1787 illustrant,
655 1742 774 1780 offert
799 1754 904 1780 nova
930 1743 1012 1780 liba
1038 1742 1233 1780 sacerdos.

224 1798 347 1836 Libra
367 1799 471 1836 redit
492 1805 628 1837 noctes
652 1810 873 1847 properans
896 1810 1065 1848 aequare
1089 1799 1240 1844 diebus,

223 1855 397 1892 exsultat
427 1855 597 1892 Picenus
623 1867 729 1904 ager,
757 1854 866 1892 vehit
894 1854 1055 1892 Hadria
1082 1866 1237 1903 puppes

226 1911 411 1960 Illyricas
435 1917 473 1948 et
497 1911 712 1955 Chaonias,
739 1922 828 1948 cum
852 1911 1050 1948 mercibus
1073 1910 1219 1948 adsunt

223 1968 359 2013 Tusci,
390 1967 548 2013 Umbri,
578 1967 734 2011 Veneti,
765 1967 915 2011 Siculi;
948 1966 1160 2004 Lauretica
1189 1966 1341 2014 templa

223 2035 312 2061 cum
333 2023 450 2062 donis
471 2024 679 2061 turmatim
701 2023 849 2060 adeunt
872 2023 1053 2072 votisque
1075 2022 1217 2060 solutis

223 2081 263 2117 in
288 2080 457 2117 sublime
483 2080 621 2128 iugum
647 2079 742 2116 laeti
768 2078 817 2116 ad
845 2079 1082 2117 commercia
1107 2078 1288 2116 tendunt.

280 2136 334 2174 Et
357 2147 447 2174 cum
471 2135 727 2173 Thessalicas
751 2147 869 2172 cursu
893 2135 1073 2172 breviore
1099 2135 1265 2183 sagittas
1540 2136 1613 2171 190

223 2193 282 2230 sol
305 2192 411 2231 subit
432 2198 470 2229 et
492 2191 647 2241 frigent
668 2191 875 2228 urentibus
898 2203 994 2228 arva
1017 2191 1184 2239 pruinis.
1259 2238 1266 2241 ⁷

224 2249 360 2286 clausa
387 2249 574 2298 gynaecei
600 2249 722 2284 sacris
748 2246 1021 2296 penetralibus
1047 2247 1179 2283 hausit
1210 2253 1213 2259 ·
1313 2271 1334 2287 .·
1359 2272 1367 2280 .

223 2305 342 2343 corde
367 2304 498 2342 Deum
522 2310 605 2342 toto
628 2304 813 2352 proprios
836 2303 964 2340 oblita
986 2308 1181 2351 parentes.
1387 2343 1390 2345 Α
1465 2311 1491 2358 s.

280 2361 333 2398 Et
356 2372 446 2398 cum
469 2359 647 2398 semiferi
672 2359 834 2408 fugiens
859 2358 1048 2397 Chironis
1072 2358 1121 2395 ab
1147 2370 1240 2395 arcu
1294 2352 1296 2357 ¹
1464 2354 1467 2360 ”
1498 2404 1503 2409 .

225 2418 388 2467 languet
416 2416 466 2454 ad
493 2416 651 2453 hiberni
681 2415 870 2464 glacialia
897 2415 1037 2452 limina
1067 2414 1203 2462 Capri,
1456 2414 1504 2442 Γ·
1529 2433 1531 2438 ·
1556 2406 1578 2445 ζ’
1601 2408 1627 2436 x*

225 2473 365 2511 induat
387 2479 550 2511 ornatas
573 2478 611 2509 et
634 2483 718 2508 mas
743 2477 780 2508 et
806 2470 959 2507 femina
981 2476 1108 2507 vestes

223 2530 455 2578 laetitiaque
477 2528 582 2565 diem
607 2527 805 2564 celebrent
831 2539 909 2576 quo
933 2527 1079 2563 semine
1102 2538 1214 2564 sacro
