1849 2845
676 285 869 316 ECLOGA
903 286 962 316 VJ.
990 294 1065 325 1-74
1514 289 1560 324 91

177 386 322 435 vulgus
350 386 545 432 adorabit,
573 398 636 424 me
661 386 786 435 plebs,
816 399 878 424 me
904 387 1086 425 consulet
1112 388 1241 425 omnis

177 441 305 488 turba,
333 443 592 491 magistratus
618 443 738 479 etiam
763 443 1018 492 populusque
1043 449 1267 492 patresque.

229 497 276 535 F.
310 497 345 536 Ο
374 498 538 544 Cornix,
565 498 729 544 Cornix,
754 510 835 536 non
859 505 917 536 est
943 499 1124 537 Fortuna
1146 499 1214 537 sed
1239 500 1323 548 ipse

175 566 254 603 quo
278 555 440 603 sapiunt
461 554 641 592 homines
665 555 833 592 animus.
896 554 1076 593 Fortuna
1099 562 1303 604 potentem

176 621 255 647 non
282 609 395 656 facit,
422 611 541 648 immo
571 610 681 648 Deus
694 622 704 658 3
733 621 894 648 causam
919 611 1114 649 recitabat
1138 612 1347 660 Amyntas.

233 665 277 704 C.
311 665 385 704 Est
410 666 590 704 Fortuna
614 667 735 704 Deus.
796 667 864 704 sed
889 667 986 717 quid
1009 668 1187 705 recitarit
1211 668 1407 717 Amyntas

175 722 252 768 dic,
275 734 416 771 precor
430 735 440 770 ;
464 723 505 759 in
526 723 654 760 causis
676 729 761 760 erat
781 723 1012 772 ingeniosus
1032 730 1071 761 et
1092 735 1193 761 acer.
1513 725 1565 761 40

175 785 267 815 ante
290 785 423 816 tamen
446 779 614 828 paulum
636 791 756 828 pecus
780 785 817 816 et
839 780 1049 828 praesepia
1070 781 1164 817 vise.

176 834 288 880 vade,
316 834 402 872 redi
415 847 426 883 3
453 835 563 873 calor
589 842 646 872 est
670 842 760 884 post
786 835 944 885 frigora
968 836 1126 873 dulcior
1140 849 1151 883 3
1179 837 1246 874 ito.

229 890 276 927 F.
309 892 488 940 Attingit
511 892 582 941 nix
607 891 692 929 alta
717 902 832 941 genu,
859 892 927 929 vix
953 898 1057 929 tecta
1083 893 1271 929 resistunt

176 953 287 984 tanto
311 948 445 994 oneri,
471 948 651 986 sublimis
675 959 777 996 apex
799 949 839 984 in
862 949 1010 985 vertice
1034 948 1146 985 furni

176 1003 425 1051 pyramidem
446 1003 545 1041 fecit
563 1010 748 1052 metaque
771 1005 943 1052 assurgit
965 1010 1093 1041 acuta.

233 1059 277 1096 C.
312 1059 377 1096 Da
402 1061 537 1107 pecori
562 1059 729 1097 cordum
755 1060 993 1109 stipulisque
1020 1060 1222 1097 foramina
1249 1060 1403 1100 claude.

176 1116 207 1151 si
233 1116 364 1163 paries
387 1115 484 1161 hiat,
512 1122 550 1152 et
575 1115 732 1153 rediens
758 1117 972 1153 laetamine
997 1118 1110 1154 muni

176 1171 317 1208 limina
330 1184 340 1218 3
367 1171 481 1208 nulla
508 1173 620 1221 gregi
647 1174 807 1221 gravior
831 1184 951 1221 quam
977 1172 1135 1221 frigora
1159 1174 1292 1221 pestis

176 1229 305 1264 iamne
329 1227 450 1264 ades?
507 1228 560 1265 oh
584 1240 781 1277 quaenam
805 1229 904 1265 haec
928 1229 1047 1266 solito
1072 1230 1332 1278 properantia
1357 1229 1511 1266 maior?

229 1283 276 1320 F.
309 1283 538 1321 Sollicitum
561 1296 624 1321 me
648 1284 781 1321 reddit
806 1285 956 1332 hiems3
985 1286 1026 1321 in
1052 1285 1207 1334 frigore
1231 1292 1268 1322 et
1293 1286 1377 1334 igni
1518 1286 1566 1322 50

175 1341 349 1377 maxima
373 1341 610 1387 strenuitas:
638 1340 759 1379 faeno
783 1341 972 1378 recubare
997 1341 1145 1378 calenti

175 1396 445 1445 abscondique
472 1408 570 1434 cavo
596 1397 783 1434 accubitu
808 1403 898 1446 post
925 1397 1083 1446 frigora
1107 1397 1225 1434 dulce
1251 1405 1320 1435 est.

232 1451 276 1489 C.
312 1452 462 1501 Incipe,
490 1459 528 1490 et
553 1465 695 1490 enarra
720 1453 955 1490 discrimina
979 1454 1083 1492 ruris
1108 1460 1146 1491 et
1171 1454 1292 1491 urbis.

228 1508 275 1545 F.
309 1508 404 1546 Hoc
427 1509 551 1558 igitur
575 1515 733 1546 tantum
757 1510 860 1547 ruris
883 1510 1099 1547 discrimen
1124 1516 1162 1547 et
1184 1510 1295 1547 urbis

176 1565 309 1601 taliter
336 1571 518 1602 exortum
543 1571 678 1603 noster
704 1566 898 1603 recitabat
925 1566 1133 1614 Amyntas.

233 1621 437 1669 Principio
466 1633 598 1658 rerum
626 1622 835 1671 primaque
864 1622 913 1659 ab
943 1623 1097 1671 origine
1125 1622 1266 1659 mundi

175 1688 265 1714 cum
286 1677 454 1714 muliere
474 1690 625 1715 marem
649 1678 787 1715 sociali
812 1677 975 1715 foedere
998 1679 1167 1732 iungens

175 1733 276 1770 caeli
297 1732 453 1782 Opifex
483 1734 559 1782 (sic
580 1746 752 1783 namque
776 1734 908 1771 Deum
929 1734 1163 1783 appellabat
1185 1735 1406 1784 Amyntas3

175 1801 319 1827 nomen
347 1789 479 1827 adhuc
506 1790 641 1838 teneo)
677 1796 793 1828 natos
822 1790 1042 1841 producere
1071 1791 1184 1828 iussit

175 1852 293 1894 atque
315 1846 480 1883 modum
503 1846 639 1884 docuit
662 1846 749 1883 fieri
770 1859 848 1896 quo
873 1842 1045 1895 pignora
1067 1853 1239 1896 possent.
1515 1848 1566 1884 60

175 1902 382 1939 accinxere
404 1903 529 1950 operi,
553 1903 745 1940 mandata
770 1902 943 1940 fideliter
968 1903 1163 1952 implent3

175 1958 308 2007 sicque
330 1959 486 1996 utinam
508 1958 557 1996 de
580 1959 688 2007 pomi
711 1971 779 1996 esu
801 1965 959 1996 servata
982 1959 1165 1996 fuissent.

176 2014 330 2052 femina
352 2014 398 2051 fit
421 2020 561 2060 mater,
586 2027 755 2064 puerum
779 2016 885 2063 parit
911 2021 1030 2064 atque
1055 2015 1245 2064 puellam,

176 2077 293 2119 atque
317 2071 529 2119 puerperio
554 2072 676 2108 simili
700 2071 877 2109 fecunda
901 2073 1115 2121 quotannis

176 2127 288 2164 auxit
313 2128 354 2163 in
381 2127 617 2164 immensum
645 2128 799 2177 generis
826 2127 1050 2176 primordia
1073 2129 1213 2165 nostri.

174 2188 265 2231 post
288 2184 366 2220 tria
389 2183 517 2220 lustra
541 2183 651 2221 Deus
672 2183 802 2220 rediit.
863 2184 960 2221 dum
984 2184 1158 2233 pignora
1179 2185 1303 2233 pectit

176 2238 329 2276 femina
352 2240 599 2287 prospiciens
623 2240 848 2277 venientem
873 2253 896 2277 a
920 2240 1059 2277 limine
1082 2240 1195 2277 vidit.

175 2295 309 2332 Adam
331 2295 479 2342 aberat,
503 2307 662 2333 securus
684 2308 776 2334 oves
797 2296 1010 2345 pascebat3
1037 2296 1196 2334 adulter

174 2351 312 2388 nullus
338 2351 471 2389 adhuc
497 2358 702 2400 suspectus
729 2358 814 2389 erat
828 2364 838 2399 3
867 2352 935 2389 sed
962 2352 1244 2401 multiplicatis

176 2408 357 2445 conubiis
383 2407 576 2445 fraudata
600 2407 711 2454 fides,
739 2409 823 2446 sine
848 2408 1034 2446 cornibus
1059 2409 1162 2445 hirci
1519 2410 1566 2447 70

176 2463 289 2509 facti,
313 2469 352 2501 et
373 2463 558 2512 zelotypo
581 2464 758 2502 coniunx
780 2470 965 2513 suspecta
985 2465 1143 2502 marito.

176 2531 269 2556 nam
292 2532 393 2568 quae
417 2521 584 2569 quisque
606 2519 708 2557 facit
730 2519 818 2557 fieri
842 2521 916 2557 sibi
940 2520 1054 2558 furta
1076 2527 1246 2558 veretur.

176 2631 369 2669 indicium
398 2638 483 2669 rata
513 2639 571 2670 tot
601 2638 716 2670 natos
744 2633 986 2670 abscondere
1016 2633 1210 2682 quosdam
