1798 2784
254 190 304 224 34
752 186 1143 220 INTRODUCTION

257 289 400 326 Nicole
427 286 820 326 Berault-—Nicolas
843 289 1225 337 Beraldus—urged
1248 301 1355 338 upon
1378 289 1439 326 his
1461 288 1642 327 students

254 346 319 382 the
344 346 590 394 importancc
615 345 659 382 of
685 346 750 382 the
775 346 933 382 ancient
957 346 1133 386 authors,
1159 357 1201 382 as
1224 345 1402 394 opposed
1426 351 1467 383 to
1491 346 1641 383 certain

256 403 276 417 ‘⁴
295 403 483 438 neoterici
502 401 522 415 “
540 415 546 438 :

297 512 407 542 Yideo
435 511 628 549 Vergilium
654 522 787 550 quoque
814 536 820 542 .
847 535 853 542 .
880 536 886 542 .
912 512 984 550 jam
1011 512 1127 543 vexari
1155 522 1327 551 paeneque
1355 512 1466 543 excuti
1493 523 1509 542 e
1536 512 1642 543 mani-

252 557 324 590 bus.
356 568 485 595 proque
514 568 552 587 eo
580 556 789 587 cucullatum
819 557 990 595 quendam
1021 557 1188 588 summitti
1217 557 1344 588 bonum
1375 557 1512 595 quidem
1542 557 1641 588 illum

250 612 436 639 rarumque
468 607 499 632 et
534 602 798 638 admirandum;
835 601 921 632 nihil
956 607 1068 633 tamen
1095 626 1101 632 .
1128 625 1134 632 .
1161 626 1178 632 ..
1204 625 1211 632 .
1238 602 1280 633 ad
1316 602 1508 633 Homerum
1544 602 1641 633 Man-

253 645 426 676 tuanum.8

256 750 361 787 Lilio
386 750 545 787 Giraldi
568 761 648 786 was
669 749 812 787 moved
834 755 874 787 to
897 761 986 798 say:

301 860 419 891 Laudo
446 861 643 891 institutum
672 860 834 899 piumque
863 860 1091 899 propositum,
1118 871 1236 891 verum
1263 859 1506 898 extemporalis
1532 860 1644 898 magis

252 916 352 943 quam
386 910 485 944 poeta
517 911 683 936 maturus,
738 910 855 936 extant
886 905 981 936 illius
1014 915 1132 936 versus
1164 915 1270 943 paene
1302 904 1571 936 innumerabiles
1602 916 1641 936 ex

254 952 378 990 quibus
403 952 494 990 apud
518 951 643 990 vulgus
666 958 697 982 et
720 951 886 982 barbaros
910 951 1077 989 quosdam
1099 951 1236 982 laudem
1263 955 1392 981 tantam
1416 956 1464 981 est
1489 951 1644 989 adeptus,

254 1001 289 1026 ut
317 1006 404 1026 unus
430 1006 535 1034 prope
563 1001 662 1034 poeta
687 1000 719 1026 et
747 995 833 1026 alter
860 1005 966 1033 paene
996 996 1096 1026 Maro
1121 995 1315 1026 haberetur.
1364 1000 1398 1026 at
1423 995 1509 1026 bone
1539 995 1643 1030 Deus,

253 1051 356 1079 quam
393 1041 511 1078 dispar
546 1041 745 1078 ingenium!
802 1051 882 1071 nam
919 1046 954 1070 ut
990 1040 1115 1078 ubique
1153 1040 1252 1071 Maro
1287 1040 1473 1078 perfectus,
1507 1040 1557 1071 ita
1588 1039 1642 1071 hic

255 1087 438 1117 immodica
461 1092 491 1117 et
515 1097 621 1125 paene
646 1087 828 1117 temeraria
851 1086 976 1124 ubique
1001 1097 1082 1116 usus
1106 1091 1156 1116 est
1180 1085 1328 1120 licentia,
1352 1096 1454 1124 quam
1479 1090 1510 1116 et
1534 1085 1644 1123 magis

254 1135 354 1168 atque
381 1131 492 1168 magis
516 1131 550 1161 in
577 1130 649 1161 dies
674 1129 779 1161 auxit.
805 1153 812 1159 .
839 1153 845 1159 .
871 1153 878 1160 .
903 1129 1038 1160 iuvenis
1063 1129 1120 1161 ille
1145 1129 1283 1167 quidem
1307 1128 1519 1160 laudabilior
1545 1134 1644 1167 poeta

256 1176 342 1212 suit;
365 1186 441 1206 cum
462 1186 541 1206 vero
561 1176 590 1206 ei
611 1175 742 1206 desedit
762 1175 855 1206 calor
876 1174 934 1206 ille
955 1180 986 1205 et
1008 1175 1125 1205 servor
1144 1174 1317 1210 iuvenilis,
1338 1179 1512 1212 tamquam
1533 1174 1643 1205 amnis

254 1221 325 1251 sine
361 1220 456 1251 obice
491 1225 587 1250 extra
621 1220 716 1258 ripas
752 1220 889 1250 sordide
926 1219 1082 1250 diffluens
1118 1219 1265 1250 coerceri
1302 1230 1370 1250 non
1405 1219 1527 1258 potuit.
1586 1219 1643 1249 vix

253 1266 343 1296 enim
367 1276 406 1295 ea
432 1265 544 1302 legere
569 1275 762 1303 possumus,
789 1275 874 1302 quae
900 1264 1039 1302 longius
1064 1264 1121 1295 ille
1148 1269 1256 1295 aetate
1281 1269 1463 1303 provectus
1489 1263 1643 1295 carmina

253 1309 420 1348 scripsit.⁹

256 1414 344 1450 The
374 1420 483 1462 great
511 1414 725 1461 champion
754 1412 798 1448 os
826 1412 974 1461 virgil,
1002 1412 1136 1460 Julius
1165 1412 1313 1449 Caesar
1342 1411 1534 1459 Scaliger,
1565 1423 1645 1448 was

256 1470 398 1507 stirred
423 1476 463 1506 to
487 1482 580 1518 very
603 1470 792 1517 vigorous
814 1469 1037 1517 languagc:

298 1580 421 1613 mollis.
444 1579 643 1617 languidus
668 1579 790 1613 fluxus.
814 1579 1073 1617 incompositus,
1099 1578 1169 1609 sine
1193 1578 1355 1611 numeris.
1378 1577 1550 1617 plebeius;
1575 1588 1642 1609 non

256 1627 327 1658 sine
362 1627 513 1664 ingenio.
549 1627 604 1657 sed
641 1627 712 1656 sine
749 1631 830 1656 arte.
890 1626 971 1656 dum
1005 1625 1107 1655 modo
1142 1624 1268 1655 scribat
1304 1624 1394 1662 quod
1429 1624 1463 1654 in
1499 1628 1644 1654 mentem

257 1671 398 1707 venerit,
422 1671 499 1700 edat
524 1670 614 1708 quod
641 1669 828 1707 scripserit,
854 1679 977 1707 susque
1004 1669 1110 1707 deque
1136 1668 1248 1699 habet.

257 1774 349 1811 And
373 1787 414 1810 as
439 1773 502 1809 sor
523 1774 588 1810 the
608 1772 812 1817 Eclagm-
833 1773 872 1808 in
894 1772 1127 1820 particular,
1150 1771 1198 1807 he
1221 1770 1340 1808 could
1363 1782 1522 1818 express
1544 1770 1644 1806 him-

257 1830 335 1867 self
356 1830 452 1878 only
475 1830 524 1878 by
547 1842 566 1866 a
592 1829 745 1877 parody
768 1827 812 1864 os
837 1828 943 1864 what
968 1828 1130 1864 Horace
1152 1827 1231 1863 had
1255 1827 1339 1863 said
1365 1826 1409 1862 of
1434 1826 1588 1873 virgil:

1027 1937 1120 1977 putri
1147 1942 1247 1975 atque
1273 1937 1402 1968 caduco

496 1984 690 2015 Carmelum
717 1984 912 2014 imbuerunt
939 1983 1114 2013 sordentes
1139 1993 1216 2013 rure
1239 1981 1425 2013 cicadae.¹⁰

260 2088 378 2125 After
406 2089 484 2124 this
514 2087 696 2124 outburst
727 2099 783 2123 we
812 2087 906 2123 hear
934 2086 1051 2122 much
1082 2085 1158 2121 less
1185 2085 1305 2121 about
1336 2084 1400 2120 the
1432 2083 1453 2098 ‘⁴
1473 2094 1604 2131 pagan
1623 2082 1643 2097 ''

258 2145 335 2182 and
361 2145 427 2181 the
453 2144 473 2159 ‘⁴
494 2144 699 2180 Christian
719 2142 739 2157 ’'
765 2142 910 2190 virgil.
972 2142 1061 2177 One
1085 2152 1178 2177 man
1201 2140 1271 2177 did
1296 2141 1427 2177 revive
1451 2140 1516 2176 the
1541 2150 1644 2175 com-

258 2202 431 2249 parison,
456 2200 527 2236 but
553 2200 600 2236 he
626 2210 706 2235 was
732 2211 755 2235 a
780 2197 996 2235 Carmelite
1021 2195 1270 2233 historian.¹¹

8 2274 125 2323 RQ‘
150 2273 193 2318 ᾖ(
223 2267 316 2316 sm*
335 2300 370 2330 L.
398 2299 605 2333 Delaruelle.
629 2300 679 2330 Le
701 2297 824 2330 Mus&
847 2299 963 2336 Helge,
985 2306 1049 2328 xm
1081 2297 1220 2335 (1000),
1246 2305 1317 2333 200,

0 2348 106 2379 ula-1⁴¹
131 2339 244 2381 U‘ssl'
301 2353 316 2372 ⁰
331 2355 384 2386 De
404 2355 512 2394 poclis
534 2360 728 2386 nostrorum
753 2359 957 2393 lrmpnrum.
977 2353 1028 2383 ed.
1053 2352 1094 2383 K.
1115 2352 1250 2386 Wotke.
1274 2351 1401 2385 Berlin,
1427 2351 1518 2389 1804.
1541 2361 1572 2388 p.
1595 2358 1644 2388 24.

93 2418 264 2464 qnsssm‘z
303 2409 334 2427 ¹⁰
349 2410 496 2444 Poetis-c.
519 2419 564 2443 vr.
587 2418 616 2448 4.

85 2453 92 2471 ⁸
305 2467 331 2485 ¹¹
353 2468 371 2480 ‘⁸
388 2467 501 2497 Veteri
532 2466 666 2497 Maroni
693 2466 725 2496 in
752 2466 870 2504 paucis
893 2465 1016 2498 minor.
1041 2464 1073 2495 in
1102 2464 1219 2495 multis
1243 2474 1316 2502 par.
1340 2463 1374 2494 in
1402 2462 1561 2502 plurimis
1586 2461 1644 2493 ali-

257 2516 337 2549 quot
370 2511 574 2549 parasangis
607 2511 796 2549 superi‹›r.''
832 2511 950 2541 Petrus
988 2510 1123 2542 Lucius.
1157 2510 1389 2542 Carrnelitana
1420 2507 1646 2543 Bibliotheca,

262 2556 434 2589 Florvncc.
466 2563 555 2596 1503,
585 2555 643 2586 sol.
675 2563 719 2596 13.

0 2425 84 2460 §.aa
