1778 2804
698 185 892 218 ECLOGA
925 187 1028 217 ΠΗ.
1056 195 1136 225 1-74

222 287 290 325 sed
310 287 407 337 quid
426 300 528 336 opus
546 288 712 325 multis?
770 288 941 325 subeunt
961 300 1061 336 opus
1081 299 1218 326 omne:
1241 288 1402 337 popinis

222 345 424 390 inservire,
449 343 563 382 focos
586 344 707 393 lignis
731 343 936 381 cumulare
959 355 1135 393 veruque

221 399 368 437 artifici
389 412 546 437 versare
567 411 701 446 manu,
725 399 821 437 dare
844 399 971 437 libera
993 399 1108 437 fumo

221 457 477 504 spiramenta,
498 457 619 494 boum
639 462 797 493 ventres
818 456 869 493 ad
889 455 1056 493 flumina
1076 456 1196 502 ferre,

221 524 376 549 verrere
399 512 566 550 humum
590 511 839 549 immundam
863 513 993 560 scopis
1017 511 1249 550 doctissima
1274 524 1369 561 gens
1393 518 1475 558 est;

221 568 407 618 quodque
430 569 559 618 magis
581 569 716 614 miror,
741 579 896 617 semper
919 568 991 605 sub
1015 568 1193 617 pondere
1217 574 1394 605 currunt.

220 624 376 662 cotibus
399 625 440 661 in
463 624 573 662 duris
595 625 782 662 oriuntur
805 630 843 661 et
866 624 993 661 ardua
1014 625 1157 661 vivunt

221 691 291 728 per
312 681 408 729 iuga
421 693 430 728 3
456 692 546 717 cum
567 681 720 729 capreis
742 680 927 717 habitant
950 680 1110 729 spelaea
1131 680 1322 717 ferarum.

221 736 325 773 adde
345 736 452 786 quod
473 737 513 773 in
536 737 691 773 caelum
709 736 841 773 brevis
862 742 920 773 est
942 748 962 773 e
981 736 1185 773 montibus
1205 736 1298 773 altis

221 793 436 840 transitus;
461 799 635 830 erectum
657 798 778 841 caput
797 804 922 841 usque
944 792 996 829 ad
1016 792 1159 829 nubila
1179 792 1342 829 tollunt.

221 848 361 885 nubila
383 848 672 886 transcendunt
697 848 834 898 aliqui,
859 854 959 897 puto
982 847 1115 885 sidera
1137 854 1319 897 tangant.

221 916 302 941 esse
322 904 457 942 locum
476 911 711 950 memorant,
735 905 804 942 ubi
825 905 954 953 surgit
975 904 1024 941 ab
1047 915 1218 953 aequore
1240 903 1377 949 Titan,

220 962 289 1010 qui
324 961 420 1008 (nisi
446 960 643 1009 dedidici)
679 961 878 1009 contingit
903 961 1051 997 vertice
1077 960 1228 1002 lunam,

220 1024 258 1054 et
281 1018 424 1054 vixisse
448 1017 534 1053 illic
557 1017 772 1062 hominem,
798 1016 866 1053 sed
888 1022 1029 1065 postea
1051 1016 1238 1053 abactum

220 1073 476 1121 improbitate
501 1073 630 1122 gulae,
656 1072 762 1122 quod
787 1072 939 1109 scilicet
962 1073 1098 1110 omnia
1119 1084 1239 1120 poma

220 1129 426 1166 manderet
449 1135 486 1166 et
509 1141 657 1177 magno
681 1135 855 1166 servaret
877 1128 993 1166 nulla
1017 1129 1208 1166 Tonanti.

220 1185 314 1222 hinc
336 1185 420 1222 divi
443 1186 650 1234 sanctique
672 1191 806 1234 patres
828 1185 869 1221 in
891 1185 1097 1222 montibus
1119 1184 1212 1221 altis

220 1242 403 1290 delegere
426 1241 566 1279 domos
592 1242 758 1288 tacitas;
788 1241 1006 1279 Carthusia
1028 1241 1151 1286 testis,

222 1297 443 1343 Carmelus
472 1297 698 1346 Garganus,
726 1297 866 1343 Athos,
895 1297 1080 1342 Laureta,
1108 1296 1291 1333 Laverna

220 1361 257 1391 et
279 1353 376 1392 Sina
396 1361 434 1391 et
455 1353 630 1391 Soractis
652 1365 754 1402 apex
778 1353 1060 1402 Umbrosaque
1081 1352 1214 1389 Vallis

220 1417 258 1447 et
283 1411 378 1459 iuga
405 1410 576 1447 Nursini
602 1409 690 1447 fato
716 1410 820 1446 senis
844 1409 999 1446 incluta
1023 1415 1061 1446 et
1087 1408 1181 1446 altis

219 1466 415 1503 abietibus
438 1467 583 1503 turrita
607 1472 728 1515 caput
753 1465 999 1504 Camaldula
1021 1470 1215 1502 sanctum.

220 1529 350 1560 cetera
371 1528 588 1571 praetereo,
613 1533 686 1559 nec
708 1522 814 1559 enim
837 1521 1085 1559 sermonibus
1107 1521 1192 1558 istis

219 1580 352 1616 omnia
387 1579 600 1627 complecti
635 1584 779 1616 statuo.
838 1583 1031 1615 montana
1066 1577 1327 1626 frequentant

220 1635 396 1672 culmina
417 1634 644 1680 caelicolae,
667 1634 735 1671 sed
756 1645 852 1671 anas
873 1640 911 1671 et
930 1645 1090 1683 mergus
1112 1639 1149 1670 et
1170 1644 1296 1678 anser,

219 1692 305 1737 ibis,
327 1691 596 1736 onocrotalus,
619 1690 736 1727 milvi
758 1689 988 1739 fulicaeque
1010 1689 1191 1738 paludes.

273 1748 322 1785 Α.
357 1748 469 1784 Inter
491 1753 706 1784 montanae
731 1752 864 1784 tantos
888 1746 1064 1795 regionis
1087 1745 1259 1783 honores

220 1816 289 1841 cur
312 1804 362 1841 de
383 1815 507 1841 messe
531 1803 646 1849 nihil,
669 1802 774 1839 nihil
797 1809 855 1839 est
877 1802 927 1839 de
950 1801 1118 1850 palmite
1140 1801 1321 1838 dictum?

220 1860 316 1897 haec
340 1866 472 1897 tamen
495 1860 694 1897 humanae
716 1858 795 1897 duo
820 1857 1092 1896 sustentacula
1114 1858 1222 1894 vitae

219 1917 406 1953 maxima.
464 1915 707 1954 monticolae
729 1915 895 1952 veniunt
917 1926 937 1951 e
959 1914 1126 1962 rupibus
1149 1913 1201 1951 ad
1223 1925 1296 1951 nos

220 1973 371 2010 hordea
393 1978 613 2009 mercatum
638 1971 754 2017 torvi,
781 1970 957 2020 fuligine
980 1970 1108 2016 tincti,

220 2029 375 2074 saetosi,
395 2029 522 2065 macie
544 2027 692 2073 affecti,
715 2027 838 2064 laceri
859 2038 905 2064 ac
927 2027 1090 2072 situosi3

220 2085 434 2133 indigenae
459 2083 675 2122 ostendunt
699 2095 801 2133 quae
824 2083 875 2120 sit
899 2088 1045 2119 natura
1068 2082 1261 2119 locorum.

220 2141 288 2178 sed
313 2140 421 2190 quod
444 2140 647 2178 montanis
670 2139 720 2176 de
744 2139 1007 2188 religionibus
1032 2139 1164 2187 inquis

219 2197 377 2235 rettulit
398 2197 438 2233 in
461 2202 635 2233 mentem
657 2207 758 2245 quae
781 2195 830 2232 de
854 2195 1019 2232 Polluce
1043 2194 1242 2231 feruntur.

220 2265 321 2303 quae
346 2253 432 2298 dea,
459 2253 491 2289 si
515 2252 633 2298 nosti,
657 2252 744 2288 visa
768 2257 837 2296 est,
864 2262 976 2300 quae,
1005 2249 1201 2294 Candide,
1232 2249 1450 2298 Nympha?

219 2309 297 2355 dic,
321 2321 406 2358 age,
429 2320 524 2346 nam
546 2314 732 2356 coeptum
755 2313 957 2344 certamen
979 2306 1121 2343 inutile
1144 2306 1284 2351 nobis3

220 2366 359 2404 utilior
381 2376 510 2402 sermo
532 2364 582 2401 de
604 2364 800 2413 religione
822 2362 1030 2400 tenendus.

278 2422 322 2460 C.
357 2421 537 2459 Galbula
558 2421 627 2469 qui
650 2419 791 2457 solitus
815 2418 986 2467 pecudes
1009 2419 1052 2454 in
1074 2429 1225 2466 pascua
1246 2425 1376 2454 tecum

220 2479 365 2515 ducere
389 2484 427 2514 te
451 2477 546 2515 satis
569 2477 645 2513 hoc
669 2476 801 2524 potuit
824 2475 1006 2511 docuisse
1031 2474 1139 2523 quod
1164 2480 1290 2521 optas,

277 2536 324 2571 A.
360 2534 483 2570 Plura
507 2532 669 2582 quidem
697 2532 860 2569 Polluce
885 2542 1003 2579 super
1030 2537 1202 2569 narrata.
1229 2531 1296 2566 sed
1325 2531 1449 2577 ipsam

1539 188 1611 225 103

1559 625 1611 659 40

1563 1183 1611 1221 50

1560 1744 1612 1781 60

1563 2305 1610 2343 70
