1798 2784
267 229 312 265 72
668 227 941 259 BAPTISTAE
965 227 1244 260 MANTUANI

262 329 348 366 visa
369 329 519 366 bonum
542 329 661 365 nimis
685 329 905 377 excellens)
939 336 977 366 et
1001 335 1094 366 vota
1120 331 1306 378 repressit

262 384 418 434 legibus
438 384 623 429 inventis,
638 390 691 421 ·ut
713 385 804 433 equi
826 384 928 434 ligat
951 397 1021 423 ora
1042 385 1229 434 capistro,

261 451 310 477 ne
332 451 583 490 quocumque
605 440 703 477 libet
726 439 859 478 flectat
876 442 1060 490 vestigia,
1085 452 1222 479 sessor.

262 507 362 545 quae
384 508 472 533 mea
493 497 544 533 sit
565 508 627 533 me
649 496 757 545 cogit
779 508 890 534 amor
912 497 1107 534 sententia
1131 496 1223 537 fari,

264 551 467 601 liberaque
494 564 565 589 ora
591 551 714 589 facit:
745 552 814 601 qui
838 563 919 590 non
947 553 1215 590 communicat
1241 564 1367 589 usum

250 608 443 657 -coniugis
466 607 626 645 invidus
651 614 733 655 est3
760 607 927 647 livorem
951 614 1113 645 excusat
1138 608 1324 646 honestas

261 663 493 701 introducta
515 675 589 701 usu
613 663 726 713 longi
750 664 889 701 livoris
913 665 1062 714 iniquo.

262 731 356 757 nam
375 719 471 757 dum
493 720 659 769 quisque
679 719 753 757 sibi
774 720 918 757 retinet
939 731 1010 758 sua
1031 720 1190 769 gaudia,
1213 731 1285 757 nec
1304 721 1393 757 vult

261 775 436 824 publica,
460 775 681 813 communis
703 787 788 812 mos
810 787 856 812 ac
878 775 1098 824 longaevus
1120 776 1308 813 honestas

263 831 597 877 factus3-et‘hunc
618 843 769 869 morem
792 831 891 868 fecit
913 831 1113 868 dementia
1135 831 1276 880 legem.

264 887 401 924 invida
426 899 487 924 res
513 899 623 925 amor
650 893 720 933 est,
748 899 809 924 res
835 887 1034 925 invidiosa
1060 887 1272 936 voluptas.'

316 944 434 980 Tunc
459 955 532 992 ego
554 955 636 981 non
659 943 812 981 audens
833 943 1035 981 hominem
1059 943 1298 980 contendere
1323 950 1462 980 contra

263 999 436 1047 amplius
463 1000 602 1037 insano
629 999 786 1036 rediens
810 999 859 1036 ab
886 1005 1044 1036 amante
1070 1000 1222 1036 recessi.

316 1055 416 1092 Fau.
451 1055 593 1093 Cernis
615 1061 662 1092 ut
681 1055 747 1092 hic
768 1055 904 1092 malus
921 1054 1168 1094 affectus-sic
1193 1055 1347 1092 lumina
1369 1056 1512 1091 mentis

263 1111 438 1157 claudat,
465 1111 504 1147 in
529 1122 681 1149 errores
705 1117 750 1148 ut
774 1117 915 1160 sponte
939 1110 1119 1148 feramur
1145 1111 1330 1159 apertos?

252 1184 255 1185 ⁷
280 1181 287 1185 ·
315 1166 408 1204 For.
444 1166 652 1205 Cernis'ut
677 1179 700 1204 a
722 1178 874 1204 summo
900 1167 1067 1204 liventia
1090 1167 1230 1204 nubila
1256 1166 1386 1204 Baldo

261 1235 300 1260 se
327 1223 632 1273 agglomerent?
690 1224 817 1260 oritur
845 1222 1000 1272 grando
1015 1235 1024 1270 ;
1056 1235 1104 1259 ue
1132 1222 1238 1260 forte
1266 1229 1458 1272 vagantes

263 1286 477 1328 tempestas
501 1279 725 1328 deprendat
751 1291 853 1325 oveS,
879 1278 1082 1316 discedere
1107 1284 1274 1327 tempus.

1548 498 1621 534 160

1577 1058 1588 1091 l
1603 1056 1649 1092 70
