1778 2804
24 13 45 46 3

107 9 288 63 R-tffltill
310 29 326 44 v*
353 23 369 50 ,3
424 26 470 55 ες]
495 22 691 70 [Vocare-7(
724 46 727 49 .
759 8 982 57 *anabaust-L
1003 49 1021 55 ‚.
1067 35 1169 54 ειη»...
1209 44 1249 61 tm<
1282 36 1406 61 cuman,
1451 33 1458 36 '

1449 43 1586 66 <mv-›254-

569 170 763 202 ECLOGA
797 172 856 201 ιη.
882 172 1077 210 239-171.
1102 182 1145 211 33

536 328 769 367 ECLOGA
800 330 902 375 VII,
932 328 1182 377 POLLUX,

1502 176 1552 213 97

190 440 258 471 DE
289 441 646 473 CONVERSIONE
674 441 924 474 IUVENUM
951 441 1019 473 AD
1048 442 1391 481 RELIGIONEM,
1420 444 1529 476 CUM

299 497 397 529 IAM
425 497 627 529 AUCTOR
659 496 728 529 AD
760 497 1093 530 RELIGIONEM
1122 498 1417 531 ASPJRARET.

599 620 786 648 ALPHUS.
901 620 1112 649 GALBULA.

216 723 264 759 Α.
300 723 490 769 Galbula,
515 723 612 773 quid
637 724 786 761 sentis?
846 724 995 762 Pollux
1019 724 1273 762 doctissimus
1297 725 1395 763 olim

162 779 363 816 fistulicen
389 780 520 818 subito
545 780 720 829 quodam
747 781 860 830 quasi
886 782 1049 818 numine
1074 787 1205 819 tactus

161 835 342 873 destituit
369 836 556 881 calamos,
583 837 749 880 tunicas,
777 843 969 879 armenta,
997 837 1179 885 sodales;

160 891 516 930 bardocucullatus
541 899 662 941 caput
685 899 730 930 ut
754 895 988 942 campestris
1012 893 1162 931 alauda

160 954 350 997 quattuor
372 955 464 986 ante
485 949 570 986 dies
591 950 632 985 in
653 949 844 998 religiosa
864 950 1025 987 recessit

161 1005 347 1042 claustra.
408 1005 546 1042 ferunt
568 1005 697 1051 illum,
721 1006 893 1054 pecudes
917 1006 1014 1043 dum
1037 1006 1145 1043 solus
1170 1007 1209 1042 in
1233 1007 1341 1055 agris

162 1068 351 1109 pasceret,
380 1061 548 1110 effigiem
574 1062 778 1111 quandam
802 1062 948 1099 vidisse
973 1062 1151 1101 deorum.

161 1124 292 1154 cetera
315 1129 396 1155 non
419 1119 595 1164 memini,
622 1118 690 1155 sed
715 1124 759 1155 tu
783 1118 893 1168 quid,
922 1118 1112 1165 Galbula,
1139 1119 1288 1156 sentis?

216 1173 266 1211 G.
301 1173 359 1211 Ut
381 1173 518 1210 dixere
540 1180 686 1222 patres,
712 1175 860 1211 iaciens
883 1175 1107 1223 primordia
1129 1187 1262 1212 rerum

169 1230 337 1279 (magna
360 1242 501 1267 canam
523 1230 640 1268 nobis
663 1243 764 1280 quae
787 1231 991 1280 quondam
1015 1231 1183 1268 tradidit
1210 1231 1384 1279 Umber)

161 1287 333 1323 instituit
366 1286 475 1323 Deus
505 1287 703 1335 agricolas
733 1288 967 1336 pecorisque
995 1288 1220 1336 magistros

161 1343 312 1390 primus
337 1343 424 1391 agri
448 1343 580 1380 cultor
603 1343 726 1389 rudis,
752 1344 1039 1381 immansuetus
1064 1350 1101 1380 et
1125 1355 1241 1392 asper

160 1398 290 1448 qualis
314 1399 458 1436 humus
483 1400 625 1448 segnis,
649 1399 847 1447 lapidosa,
874 1400 1034 1437 rebellis
1059 1407 1204 1437 aratro.

161 1461 220 1492 ast
247 1456 381 1492 ovium
409 1456 561 1503 primus
587 1462 737 1504 pastor,
763 1456 975 1493 mitissima
1001 1456 1146 1505 proles,

161 1512 286 1548 instar
306 1512 390 1548 ovis
410 1524 511 1560 quae
532 1512 612 1549 bile
634 1519 753 1557 caret,
776 1524 877 1561 quae
898 1512 1003 1549 lacte
1025 1512 1237 1558 redundat,

160 1568 267 1604 mitis
294 1574 390 1613 erat,
419 1568 543 1605 nullis
569 1580 761 1617 umquam
787 1569 1015 1617 pastoribus
1043 1581 1169 1617 asper.

160 1623 210 1660 de
236 1635 355 1673 grege
381 1636 498 1672 saepe
524 1636 592 1662 suo
620 1636 777 1662 sacrum
803 1625 979 1673 ponebat
1006 1625 1057 1662 ad
1085 1637 1174 1662 aras
1188 1637 1198 1672 ;

161 1691 267 1716 nunc
288 1692 374 1725 ove,
398 1691 506 1717 nunc
529 1681 672 1730 pingui
696 1680 825 1719 vitulo
851 1681 1038 1726 faciebat,
1064 1687 1102 1718 et
1127 1693 1233 1731 agno

161 1737 328 1784 saepius,
355 1743 392 1773 et
416 1749 564 1785 magno
589 1737 703 1774 divos
729 1737 908 1774 ambibat
932 1737 1095 1775 honore.

160 1793 216 1829 sic
238 1792 413 1841 profecit
438 1793 546 1841 apud
572 1793 758 1841 Superos,
785 1794 840 1830 sic
863 1795 1031 1831 numina
1054 1793 1176 1833 flexit.

161 1855 202 1885 ut
227 1848 351 1886 fuerit
374 1850 504 1897 primo
527 1849 669 1886 mundi
691 1850 890 1887 nascentis
914 1850 963 1887 ab
986 1856 1077 1888 ortu

161 1911 316 1953 tempus
339 1905 390 1942 ad
411 1905 488 1943 hoc
510 1905 621 1943 caelo
643 1906 798 1954 pecoris
821 1907 1049 1955 gratissima
1072 1918 1178 1943 cura.

161 1961 345 2009 Assyrios
371 1961 566 2010 quosdam
600 1962 689 2010 (sed
714 1963 847 2000 nescio
872 1963 1060 2009 nomina3
1090 1975 1208 2000 curae

157 2017 392 2059 diminuunt
413 2018 611 2066 animum)
644 2018 754 2055 Deus
775 2030 823 2055 ex
844 2019 1071 2067 pastoribus
1094 2019 1190 2056 olim

160 2074 368 2110 constituit
389 2085 501 2122 reges
524 2075 592 2123 qui
614 2080 753 2122 postea
773 2075 924 2111 murice
947 2081 984 2112 et
1007 2087 1103 2112 auro

160 2130 367 2177 conspicui
390 2136 526 2178 gentes
549 2130 657 2168 bello
681 2130 871 2168 domuere
894 2131 1097 2179 superbas.

162 2197 252 2222 cum
278 2185 392 2222 Paris
418 2186 546 2223 Iliaca
569 2187 648 2223 tria
669 2187 836 2224 numina
859 2187 962 2224 vidit
985 2188 1026 2223 in
1054 2187 1129 2224 Ida

168 2242 258 2288 (aut
281 2241 395 2278 Paris
417 2248 485 2279 aut
507 2241 609 2279 alius
631 2254 800 2291 puerum
823 2244 892 2292 qui
914 2243 1127 2281 obtruncat
1150 2244 1201 2280 ad
1225 2244 1356 2291 aram)

160 2304 297 2346 pastor
321 2304 417 2335 erat.
477 2298 637 2347 quando
665 2299 826 2336 caelesti
851 2300 1064 2336 exterritus
1088 2300 1180 2348 igne

158 2354 268 2391 venit
290 2354 341 2391 ad
364 2360 564 2392 ostentum
587 2354 757 2403 pedibus
779 2367 850 2403 per
873 2367 1023 2403 pascua
1045 2356 1175 2401 nudis,

1506 1233 1553 1268 10

1502 1795 1553 1831 20

1500 2358 1552 2394 30

159 2416 296 2458 pastor
320 2416 405 2447 erat
430 2410 576 2450 Moses,
603 2411 737 2449 Moses
762 2424 786 2448 a
807 2411 969 2448 flumine
991 2417 1155 2449 tractus.
1237 2409 1408 2475 Irni-rs!
1435 2429 1539 2470 ιμ’.

159 2465 251 2503 exul
276 2465 384 2514 apud
410 2466 554 2503 Graios
576 2467 822 2515 Amphrysia
845 2474 982 2516 pastor
1005 2468 1158 2516 Apollo

160 2534 252 2560 rura
282 2524 512 2571 peragravit
543 2524 673 2572 posito
703 2523 864 2562 deitatis
892 2524 1054 2563 honore.
