1798 2784
220 137 270 171 08
627 136 898 168 BAPTJSTAE
924 137 1201 169 MANTUANJ

219 236 407 274 caelestes
433 238 554 274 animi
584 238 746 275 Christo
772 238 821 275 ad
849 239 1057 288 praesepia
1082 245 1177 276 nato

220 293 258 329 in
288 293 414 330 caulis
440 294 616 330 cecinere
646 294 775 331 Deum
805 295 1032 343 pastoribus
1057 301 1201 338 ortum.

219 355 256 385 et
280 360 384 386 nova
408 349 534 386 divini
559 356 698 398 partus
719 351 917 388 miracula
939 351 1047 389 docti

219 411 397 452 pastores
423 406 541 453 primi
565 412 704 442 natum
730 406 864 443 videre
888 407 1129 449 Tonantem,

219 466 256 497 et
278 472 349 498 sua
372 468 550 509 pastores
572 461 710 499 infans
734 463 941 511 Regnator
965 461 1132 512 Olympi

219 523 310 553 ante
331 529 469 566 magos
490 529 679 566 regesque
701 517 812 555 dedit
833 519 1034 556 cunabula
1054 519 1165 556 scire.

218 584 257 609 se
281 585 439 621 quoque
465 580 665 621 pastorem
693 574 801 611 Deus
826 574 1061 623 appellavit,
1089 587 1259 624 ovesque

218 629 380 666 mitibus
406 630 577 678 ingeniis
599 629 780 667 homines
803 636 841 667 et
864 631 1064 668 mentibus
1087 632 1234 680 aequis.

218 691 267 724 et.
289 696 338 721 ne
359 697 462 722 vana
483 692 598 733 putes
617 686 715 722 haec
735 687 900 731 somnia,
923 698 1051 735 nuper
1073 687 1121 724 ab
1142 687 1240 724 urbe

218 752 284 778 rus
306 742 468 778 veniens
490 742 597 790 picto
620 742 774 791 perlegi
795 742 894 779 haec
916 743 1050 780 omnia
1073 743 1235 792 templo.

218 803 309 833 sunt
333 797 504 845 pecudes
528 798 669 845 pictae,
694 799 809 846 parvi
833 798 904 835 sub
928 799 1122 836 matribus
1146 799 1240 848 agni

219 854 256 889 in
283 853 427 890 tellure
451 853 610 894 cubant.
637 855 776 903 ingens
801 855 1002 903 equitatus
1027 855 1076 891 ab
1101 855 1184 892 alto

217 915 351 946 monte
374 910 493 948 venit,
518 909 678 946 radiant
702 922 799 947 auro
822 910 1052 948 diademata
1075 911 1211 948 divum

216 971 254 1001 et
278 977 469 1013 suspensa
494 971 629 1002 tenent
652 978 756 1015 vaga
779 966 934 1003 lumina
957 972 1293 1015 praetereuntum.

216 1033 296 1058 non
321 1021 443 1070 igitur
466 1022 612 1058 mirum
635 1028 770 1063 noster
793 1023 825 1059 si
847 1023 1015 1060 numina
1039 1022 1185 1060 Pollux

216 1077 343 1123 vidit3
371 1083 507 1114 amant
530 1077 650 1114 villas
674 1084 711 1115 et
736 1090 828 1116 oves
851 1084 887 1115 et
912 1078 1036 1116 ovilia
1059 1078 1154 1116 divi.

216 1133 466 1181 simplicibus
491 1145 678 1182 praesens
706 1134 815 1171 Deus
838 1140 907 1179 est,
934 1134 1154 1172 offenditur
1180 1141 1278 1172 astu.

272 1189 319 1225 A.
352 1189 458 1226 Vera
483 1189 620 1226 refers.
681 1191 815 1238 pecori
839 1190 894 1227 sic
917 1191 996 1227 sint
1021 1191 1186 1229 innoxia
1207 1197 1344 1228 nostro

216 1257 375 1293 pascua.
399 1245 482 1282 vidi
505 1246 672 1286 asinum,
695 1246 778 1283 vidi
801 1258 990 1295 praesepe
1011 1247 1243 1296 bovemque.

216 1302 295 1338 iam
317 1303 480 1338 memini
504 1302 643 1339 turbae
666 1303 873 1348 venientis,
898 1309 936 1340 et
959 1315 1029 1341 ora
1052 1303 1187 1340 videre

220 1358 361 1394 Indica
387 1359 464 1395 iam
490 1358 627 1395 videor
652 1371 790 1407 regum
816 1371 887 1396 sua
911 1359 1016 1397 dona
1044 1359 1257 1397 ferentum.

215 1426 338 1451 unum
363 1427 444 1454 oro.
469 1427 665 1463 quaenam
691 1415 850 1452 Polluci
874 1416 1047 1453 occurrit
1072 1416 1232 1462 imago?

218 1469 408 1515 Galbula,
432 1471 464 1507 si
487 1472 604 1514 nosti,
628 1483 677 1508 ne
699 1472 749 1508 sit
772 1471 887 1509 labor
908 1472 1044 1509 omnia
1066 1471 1158 1509 fari.
1242 1471 1245 1473 ’

272 1526 321 1563 G.
357 1527 409 1564 Et
431 1528 522 1564 novi
545 1533 583 1564 et
603 1539 824 1565 memorare
846 1527 968 1575 libet;
993 1539 1055 1565 res
1076 1528 1201 1575 digna
1222 1528 1363 1570 relatu,

216 1594 276 1619 res
303 1582 428 1631 digna
454 1583 606 1625 auditu,
634 1584 712 1631 pia,
740 1589 889 1629 sancta,
918 1584 1112 1621 imitabile
1139 1583 1306 1621 facturn.

274 1639 410 1676 Durus
432 1645 469 1676 et
492 1640 655 1677 immitis
678 1645 791 1688 pater
813 1645 932 1689 atque
954 1640 1126 1688 superba
1147 1651 1320 1677 noverca

218 1695 423 1733 Pollucem
450 1696 632 1742 graviore
657 1696 752 1743 iugo
776 1707 953 1744 pressere
978 1696 1162 1733 iuventae

214 1757 392 1799 tempore
414 1763 503 1788 cum
525 1752 663 1789 dulces
685 1753 839 1790 animos
859 1765 965 1789 nova
985 1753 1163 1801 suggerit
1185 1758 1317 1794 aetas:

215 1813 251 1844 et
275 1819 363 1845 cum
389 1808 465 1844 iam
491 1808 692 1845 invalidae
716 1808 839 1854 longo
863 1808 934 1845 sub
959 1809 1135 1857 pondere
1159 1809 1260 1845 vires

214 1863 430 1900 deficerent
452 1864 645 1913 nullaque
668 1865 806 1902 odium
828 1870 1120 1902 mansuesceret
1143 1870 1240 1906 arte.

215 1920 422 1957 constituit
445 1926 640 1968 temptare
665 1920 818 1969 fugam.
879 1933 940 1957 res
962 1933 1043 1958 una
1065 1921 1264 1958 volentem

215 1976 270 2012 ire
294 1975 363 2013 diu
389 1977 537 2013 tenuit:
570 1977 687 2013 nimis
712 1977 966 2025 impatienter
992 1977 1176 2024 amabat;

214 2043 324 2068 error
349 2033 453 2068 enim
479 2033 700 2069 communis
725 2045 836 2069 amor
862 2032 1103 2070 iuvenilibus
1128 2033 1253 2070 annis.

215 2099 275 2124 res
297 2093 354 2124 est
377 2087 495 2125 fortis
517 2100 640 2127 amor.
664 2089 856 2125 violentia
879 2088 1048 2135 fortior;
1075 2089 1157 2125 ivit.

215 2149 252 2180 et
276 2143 376 2180 tales
400 2144 535 2180 abiens
569 2144 688 2191 (mihi
711 2156 882 2193 namque
906 2144 1059 2182 solebat
1083 2156 1236 2182 amores

216 2211 401 2236 enarrare
427 2200 537 2247 suos)
572 2207 722 2238 maesto
748 2200 858 2237 dedit
886 2213 952 2237 ore
978 2200 1198 2249 querellas:

272 2255 278 2269 ⁴
298 2255 333 2289 Ο
358 2256 483 2302 virgo.
508 2256 747 2293 lacrimaene
770 2257 847 2294 tuis
870 2256 1074 2294 solventur
1097 2256 1235 2293 ocellis

216 2323 305 2348 cum
327 2318 364 2348 te
386 2317 466 2349 tam
489 2323 579 2349 caro
602 2323 737 2349 cernes
758 2312 807 2349 ab
829 2318 988 2349 amante
1009 2312 1218 2349 relictam?

216 2367 351 2404 ullane
375 2367 548 2405 discessu
573 2367 694 2405 duces
718 2369 890 2416 suspiria
913 2368 1077 2406 nostro?

217 2430 309 2459 tune
333 2424 408 2460 mei
434 2423 607 2460 crudelis
632 2425 708 2460 eris
734 2423 840 2461 sorte
865 2424 1071 2462 immemor
1095 2424 1311 2474 umquam?

217 2479 492 2529 usqueadeone
519 2485 630 2515 tuum
660 2480 804 2528 poterit
834 2479 1048 2527 frigescere
1075 2485 1224 2528 pectus,

1555 577 1607 613 40

1558 1135 1606 1173 50

1553 1695 1605 1733 60

1554 2255 1603 2293 70
