1849 2845
671 253 864 285 ECLOGA
894 255 944 285 ll.
971 260 1092 293 75-150
1528 255 1571 294 71¹

187 355 334 392 videris
356 357 431 394 hoc
455 363 573 404 pacto
596 356 799 401 ditescere,
824 368 984 405 surgere
1007 358 1048 393 in
1071 357 1210 401 altum,

188 411 360 449 dilatare
385 412 558 453 domum,
585 412 805 449 maioribus
829 412 973 449 horrea
997 413 1148 449 acervis

187 468 388 516 complere
409 468 470 504 his
493 468 646 513 studiis,
671 467 883 504 extendere
908 468 1028 504 latius
1051 480 1180 516 agros,

187 523 460 572 multiplicare
485 535 635 572 greges,
661 524 866 572 acquirere
891 535 1040 572 pascua
1062 524 1200 561 bobus.

188 581 291 616 inter
311 586 370 617 tot
391 580 563 628 populos
585 586 682 628 quot
701 579 821 616 habet
843 579 1038 616 latissima
1060 579 1180 616 tellus
1505 581 1576 616 120

188 642 280 672 sunt
304 636 372 684 qui
394 642 531 673 nostra
555 635 691 672 ferant
712 636 859 672 mensis
883 635 1088 683 epulanda
1111 637 1286 672 cruentis

187 702 358 740 corpora
379 698 415 728 et
437 691 633 729 humanos
655 691 867 728 absumant
889 691 1077 729 dentibus
1097 698 1231 738 artus;

188 754 292 792 sunt,
317 748 493 796 inquam,
518 759 617 796 quos
640 753 754 784 tanta
775 747 893 784 malis
916 754 975 785 tot
998 753 1113 784 vexet
1140 747 1311 796 Erinys;

146 816 148 819 ’
188 803 255 840 sed
278 803 437 840 nullum
460 810 517 840 est
539 810 621 840 tam
644 804 816 840 immane
839 815 975 852 genuS,
999 810 1081 840 tam
1103 803 1275 840 barbara
1298 815 1494 852 nusquam

189 871 296 909 gens,
321 871 421 908 quae
446 859 641 897 femineos
663 871 745 896 non
767 865 992 896 exsecretur
1016 871 1181 896 amores.

189 915 282 952 hinc
305 916 470 952 veniunt
496 917 616 961 rixae,
641 916 806 952 veniunt
830 922 868 952 et
891 916 1024 964 iurgia
1047 921 1084 952 et
1108 927 1230 961 arma,

189 983 304 1020 saepe
327 972 446 1008 etiarn
470 972 580 1008 dirae
602 971 730 1009 multo
755 983 844 1008 cum
868 972 1063 1020 sanguine
1085 977 1256 1017 mortes:

189 1028 282 1064 hinc
306 1039 462 1076 quoque
488 1027 629 1064 deletis
655 1039 813 1064 eversae
837 1027 1047 1066 moenibus
1070 1027 1199 1064 urbes.

190 1085 298 1132 ipsae
318 1084 438 1120 etiam
459 1083 567 1132 leges
587 1083 798 1132 rubrisque
818 1083 1027 1121 volumina
1046 1084 1143 1120 loris

189 1140 326 1177 clausa
347 1146 484 1176 vetant
510 1139 637 1176 scelus
661 1139 737 1177 hoc
762 1146 800 1176 et
824 1139 1074 1176 detestantur
1100 1139 1278 1177 amores.’
1505 1140 1578 1176 130

248 1195 304 1232 Ut
329 1196 436 1244 leges
463 1195 629 1241 audivit,
656 1195 708 1232 ad
733 1195 830 1232 haec
856 1195 1063 1243 respondit
1090 1196 1286 1243 Amyntas

198 1253 316 1299 (civis
339 1252 445 1288 enim
469 1252 603 1288 fuerat
626 1263 725 1300 puer
749 1258 787 1288 et
809 1258 989 1288 versatus
1013 1252 1055 1287 in
1077 1251 1196 1299 urbe)

191 1307 277 1344 ‘his
300 1308 463 1344 monitis
489 1307 667 1356 prudens
690 1314 728 1344 et
754 1308 1064 1355 circumspectus
1090 1307 1227 1344 haberi

190 1365 327 1400 niteris
355 1371 392 1400 et
420 1376 535 1401 sensu
562 1365 723 1401 tetricos
751 1365 901 1400 anteire
930 1363 1115 1400 Catones.

189 1432 298 1457 error
322 1420 398 1460 hie,
425 1420 523 1456 haec
549 1420 697 1468 passim
722 1421 881 1468 sapiens
905 1419 1107 1456 dementia
1132 1426 1284 1468 regnat.

189 1477 272 1524 ipse
293 1476 368 1512 sibi
390 1475 598 1513 blanditur
620 1477 737 1513 homo
761 1475 980 1524 sollersque
1001 1476 1137 1524 putari

189 1532 277 1569 vult
299 1532 473 1579 animal3
501 1539 636 1569 tamen
658 1533 842 1568 incautus
865 1532 940 1568 sibi
964 1531 1094 1568 multa
1117 1531 1287 1568 tetendit

189 1589 290 1625 retia
314 1595 352 1625 et
376 1589 418 1624 in
444 1587 605 1625 foveam
631 1587 775 1624 cecidit
801 1600 921 1636 quam
947 1587 1110 1624 fecerat.
1166 1593 1258 1624 ante

190 1644 289 1681 liber
315 1650 400 1681 erat
414 1657 423 1692 3
452 1644 594 1682 servile
619 1645 758 1692 iugum
783 1644 857 1681 sibi
883 1643 1065 1681 condidit
1091 1644 1176 1691 ipse
1190 1656 1199 1690 3

189 1700 349 1748 pondus
368 1700 409 1737 id
430 1707 487 1737 est
507 1700 643 1749 legum
672 1700 776 1747 (vidi
798 1701 880 1748 ipse
902 1700 1130 1748 volumina)
1159 1711 1258 1748 quas
1279 1711 1349 1735 nec
1506 1701 1579 1736 140

189 1757 346 1805 antiqui
369 1762 533 1804 potuere
557 1762 702 1804 patres.
728 1767 801 1792 nec
826 1767 1034 1804 possumus
1058 1756 1147 1803 ipsi,

190 1823 262 1848 nec
283 1824 440 1849 servare
464 1819 573 1849 aetas
593 1813 741 1860 poterit
763 1818 932 1848 ventura
954 1818 1158 1860 nepotum.

190 1869 322 1916 aspice
345 1880 465 1917 quam
488 1868 612 1905 stulta
635 1874 692 1905 est
715 1868 924 1905 hominum
947 1867 1184 1916 prudentia:
1216 1867 1372 1904 caelum

191 1932 324 1972 sperat
343 1930 381 1961 et
401 1936 483 1961 esse
505 1924 580 1962 sibi
601 1924 733 1961 sedem
753 1924 856 1961 inter
878 1923 1010 1960 sidera
1030 1923 1157 1960 credit
1172 1935 1181 1971 3

191 1980 364 2018 forsitan
386 1981 426 2016 in
449 1980 653 2018 volucrem
673 1980 849 2018 moriens
870 1979 1058 2016 transibit
1078 1986 1116 2016 et
1138 1980 1266 2016 altum

191 2037 354 2084 spiritus
380 2037 594 2084 assumptis
619 2036 796 2073 tranabit
823 2035 873 2072 ad
900 2036 1063 2072 aethera
1087 2036 1254 2084 pennis.’

245 2093 364 2129 Tunc
387 2104 482 2141 ego:
517 2092 638 2141 ‘quid
662 2092 813 2129 latras?
871 2092 1008 2140 legum
1034 2092 1142 2128 Deus
1166 2097 1315 2133 auctor,
1341 2098 1377 2128 et
1403 2092 1498 2139 ipsis

191 2161 271 2186 non
298 2160 439 2197 parere
465 2149 570 2197 sapit
594 2159 784 2197 magnam
810 2149 931 2186 nimis
957 2147 1229 2196 impietatem.’

245 2205 345 2241 Fau.
380 2203 564 2242 Grandia
587 2204 637 2241 de
660 2205 818 2253 magnis
841 2204 940 2241 haec
965 2210 1057 2241 sunt
1083 2204 1301 2240 certamina
1327 2204 1454 2240 rebus.

243 2261 338 2297 For.
373 2260 483 2307 Quid
504 2259 653 2297 fuerim
673 2260 798 2297 reris?
843 2260 1024 2308 quamvis
1045 2271 1250 2308 pannosus
1269 2266 1306 2296 et
1328 2270 1443 2306 asper
1508 2260 1580 2297 150

191 2318 266 2354 sim
286 2317 418 2362 modo,
441 2323 538 2354 tunc
559 2317 704 2362 animo,
728 2323 824 2353 tunc
845 2317 897 2361 vi,
921 2322 1017 2353 tunc
1037 2328 1104 2354 ore
1124 2316 1320 2361 valebam,

191 2385 264 2410 nec
285 2373 385 2410 mihi
409 2384 491 2409 sese
513 2372 616 2409 alius
640 2378 797 2421 poterat
822 2383 1060 2420 componere
1084 2377 1232 2420 pastor.

245 2429 346 2466 Fau.
381 2428 503 2466 Nunc
524 2440 692 2477 quoque,
717 2429 750 2464 si
770 2434 899 2464 rectus
921 2427 1038 2465 vultu
1061 2427 1245 2476 gradiare
1267 2428 1423 2475 supino,

193 2486 294 2522 alter
318 2486 394 2522 eris
419 2485 599 2531 Marius3
624 2496 714 2522 raso
738 2496 805 2522 ore
828 2483 1015 2520 videbere
1040 2483 1185 2521 Carbo.

248 2541 283 2578 F
286 2554 340 2578 or.
373 2540 496 2578 Talia
520 2540 728 2588 respondit
753 2541 809 2576 sic
832 2540 1068 2588 obiurgatus
1094 2539 1312 2588 Amyntas:

195 2598 202 2612 ‘
221 2597 332 2635 facto
355 2597 509 2635 homini
535 2597 644 2634 Deus
668 2596 814 2633 invidit
846 2596 1054 2644 (concessa
1077 2595 1265 2644 voluptas
