1778 2804
626 192 819 224 ECLOGA
848 193 891 223 X.
918 202 1039 233 75-155
1454 199 1525 235 117

141 291 321 328 venimus
342 292 392 329 ad
414 292 581 338 fontem,
603 294 812 343 rivumque
833 306 856 332 a
874 296 1022 333 vertice
1041 307 1196 335 summo

141 348 311 384 scrutari
334 348 433 384 mihi
459 360 555 386 cura
579 349 659 386 fuit
673 362 683 397 ;
712 356 766 396 tu,
793 350 961 398 provide
988 352 1179 401 Myrmix,

140 403 293 440 interea
315 403 432 441 nidos
458 405 592 442 avium
617 405 680 442 vel
705 406 884 443 dorcada
907 418 1074 455 parvam

139 459 337 496 venabare
364 466 454 497 tuae
481 473 582 509 quae
607 460 715 499 dona
738 461 931 499 darentur
957 469 1123 501 amatae.

193 514 255 552 M.
290 515 448 562 Bembe,
472 517 583 555 vides
605 523 649 554 ut
671 524 810 566 aperta
833 519 874 554 in
896 531 957 555 me
980 520 1161 557 convicia
1184 522 1369 570 torquet?

140 582 327 619 auguror,
350 572 427 609 ista
446 583 569 610 manu
590 573 640 610 lis
661 579 730 613 est,
752 585 833 611 non
854 586 934 620 ore,
959 575 1176 624 agitanda;
1454 579 1528 615 120

139 638 224 664 mos
244 627 356 674 mihi,
379 640 461 665 non
485 628 636 678 lingua,
660 629 876 667 maledicta
899 630 1086 668 refellere
1109 631 1262 669 dextra.

196 682 240 720 C.
274 683 484 731 Batrache,
508 696 558 721 ne
579 696 717 722 verum
739 691 904 731 taceam,
928 686 1152 735 linguosior
1175 700 1301 737 aequo
1324 700 1364 725 es
1377 701 1388 737 3

139 739 270 788 iurgia
290 739 412 777 bilem
435 746 594 787 acuunt,
619 742 800 779 convicia
822 748 960 790 pectus
984 744 1184 780 acerbant.

139 806 221 832 non
242 796 316 833 tibi
338 807 428 833 cum
451 808 574 844 puero
598 809 659 834 res
681 803 750 844 est,
774 809 846 835 nec
868 798 1083 837 homuncio
1109 800 1288 848 Myrmix
1301 812 1311 848 3

139 862 200 888 res
222 852 326 889 male
349 858 437 889 tuta
458 853 565 890 viros
588 854 730 902 lingua
752 854 909 891 irritare
933 860 1131 903 proterva.

193 907 265 944 Βα.
300 907 365 945 Da
387 909 556 954 veniam,
586 909 788 958 Myrmix3
818 909 1032 947 ‘amitam’
1059 910 1242 959 proferre
1266 911 1417 949 volenti

139 964 270 1001 nescio
292 965 381 1013 quis
401 965 500 1001 mihi
520 965 629 1002 misit
649 966 691 1002 in
711 977 753 1003 os
775 966 904 1003 malus
927 978 1036 1004 error
1061 967 1068 982 ⁴
1086 967 1285 1004 amatam.’

192 1019 254 1056 M.
288 1020 353 1057 Do
374 1021 532 1058 veniam
546 1033 556 1068 3
580 1033 674 1058 cave
694 1033 744 1058 ne
765 1034 923 1059 rursum
942 1034 1004 1059 me
1024 1034 1120 1060 voce
1142 1023 1323 1061 lacessas.

192 1075 266 1112 Ba.
298 1076 450 1113 Alveus
474 1076 630 1114 excelsa
655 1077 800 1114 saliens
825 1078 874 1115 de
900 1090 999 1126 rupe
1024 1078 1212 1116 lacunam

139 1130 300 1169 foderat
325 1138 363 1169 et
387 1132 533 1170 clausis
556 1134 664 1181 ripas
688 1140 928 1183 aequaverat
951 1134 1070 1171 undis
1084 1147 1095 1182 5
1453 1137 1528 1173 130

139 1199 285 1237 gurges
308 1194 392 1225 erat
416 1194 529 1226 textu
553 1190 746 1226 silvarum
769 1190 979 1227 umbrosus
1004 1202 1130 1239 opaco

138 1243 339 1294 densaque
366 1246 590 1293 saepierant
616 1246 769 1283 tristem
795 1247 951 1294 spineta
975 1246 1174 1284 lacunam.

137 1300 249 1337 mille
270 1312 515 1338 venenorum
536 1302 685 1350 species
707 1302 748 1338 in
771 1303 929 1351 gurgite
951 1302 1047 1348 vidi,

138 1356 249 1393 mille
270 1368 380 1394 secus
402 1357 510 1405 ripas
533 1358 575 1394 in
597 1369 722 1406 opaco
744 1359 938 1407 margine,
961 1358 1074 1396 mille

137 1423 208 1460 per
229 1424 366 1450 nemus
389 1413 441 1450 ad
464 1413 648 1462 lymphas
671 1414 831 1452 sinuoso
856 1426 1011 1463 serpere
1035 1426 1182 1464 gressu.

136 1467 337 1517 obstupui,
366 1474 404 1506 et
429 1469 571 1518 rapido
599 1469 756 1507 rediens
783 1470 834 1507 ad
861 1470 984 1508 ovilia
1010 1482 1129 1508 cursu

137 1524 287 1573 incipio
309 1525 447 1574 paleas
471 1525 589 1563 furca
612 1537 769 1564 versare
792 1527 971 1564 tricorni.

137 1591 226 1617 ecce
254 1587 375 1630 caput
402 1581 511 1619 tollit
540 1581 703 1619 coluber
731 1581 951 1631 linguaque
979 1583 1145 1620 trisulca

137 1636 284 1682 sibilat,
313 1636 504 1675 inflantur
531 1637 681 1684 fauces,
708 1649 814 1687 nepa
839 1638 966 1676 livida
992 1638 1122 1676 tendit

136 1692 335 1739 bracchia,
360 1699 568 1731 ventrosus
592 1693 750 1742 profert
773 1695 943 1743 vestigia
965 1694 1078 1740 bufo,
1454 1697 1526 1732 140

135 1748 274 1797 vipera
296 1760 367 1797 per
388 1749 580 1798 stipulam
604 1750 790 1799 gradiens
814 1751 967 1799 strepit.
1030 1751 1078 1789 ‘0
1102 1751 1215 1797 loca‚'
1242 1751 1338 1796 dixi,

138 1803 147 1820 ⁴
163 1816 245 1843 non
266 1806 402 1854 pecori
424 1811 581 1843 tantum
601 1818 739 1843 verum
761 1812 799 1843 et
820 1807 1047 1855 pastoribus
1069 1807 1165 1856 ipsis

136 1861 282 1898 noxia.'
341 1873 436 1900 mox
460 1873 579 1911 grege
603 1862 733 1900 diviso
758 1862 806 1899 de
832 1862 990 1900 sedibus
1014 1863 1096 1900 illis

136 1928 284 1965 pascua
306 1918 530 1966 quaesitum
554 1918 678 1956 tristis
700 1918 870 1956 meliora
892 1919 1045 1956 recessi.

137 1984 286 2022 perque
309 1974 384 2010 iter
407 1973 618 2023 antiquum
641 1973 769 2012 fontis
792 1986 898 2012 nova
921 1974 1088 2012 flumina
1110 1974 1208 2012 duxi

136 2029 177 2065 in
201 2040 363 2077 campos
386 2029 454 2066 ubi
477 2030 608 2078 prima
631 2041 721 2067 suos
742 2030 903 2068 Aurora
925 2030 1078 2068 colores

136 2084 313 2133 explicat
336 2090 374 2122 et
398 2097 556 2123 croceos
582 2085 732 2123 Phoebi
755 2086 958 2123 redeuntis
982 2086 1033 2124 ad
1057 2093 1179 2125 ortus.

136 2140 202 2177 hic
226 2141 326 2177 mihi
350 2140 549 2178 fecundae
574 2141 757 2190 pecudes,
784 2142 850 2179 hic
875 2133 1025 2191 pascua*
1049 2142 1156 2180 laeta

136 2202 174 2233 et
195 2197 278 2234 sine
300 2197 389 2234 labe
411 2197 555 2246 liquor,
577 2197 714 2235 dulces
736 2198 819 2235 sine
842 2198 1007 2235 crimine
1029 2198 1228 2247 lymphae.

136 2253 233 2290 haec
252 2253 343 2290 loca
362 2254 556 2302 primaevi
577 2259 669 2291 sunt
690 2266 791 2303 quae
812 2254 970 2292 coluere
991 2260 1200 2303 parentes;
1452 2255 1525 2293 150

135 2309 250 2358 signa
271 2320 384 2346 casae
406 2315 609 2358 superant,
633 2316 776 2358 puteus
798 2310 1029 2359 cariosaque
1052 2310 1164 2360 ligna

136 2363 217 2402 fixa
242 2364 327 2402 solo
352 2365 531 2403 seiuncta
553 2365 702 2414 pedum
725 2365 956 2403 discrimine
981 2372 1132 2415 septem

136 2426 175 2457 et
198 2419 315 2458 focus
339 2426 377 2458 et
400 2421 533 2459 lacera
555 2433 656 2471 quae
680 2422 855 2471 cingitur
880 2433 972 2459 area
996 2434 1124 2471 saepe.

188 2476 252 2515 M.
284 2475 394 2515 Cura
414 2477 510 2514 viris
531 2476 687 2514 levibus
708 2489 841 2514 rerum
863 2477 964 2516 solet
986 2490 1068 2515 esse
1088 2490 1284 2516 novarum
1300 2492 1308 2525 ;

135 2538 348 2581 propterea
371 2539 475 2570 certe
498 2545 603 2571 nova
623 2545 772 2582 pascua
795 2535 951 2583 quaeris
976 2541 1012 2571 et
1037 2546 1172 2571 amnes
