1798 2784
242 144 251 178 l
269 144 312 179 12
641 142 915 174 BAPTISTAE
940 143 1218 175 MANTUANI

236 249 402 280 naturae
427 255 486 280 res
509 250 627 292 atque
654 244 740 282 Deo
763 244 832 293 qui
855 244 1003 282 dicitur
1026 245 1122 283 olim

237 300 511 348 praeposuisse
538 300 740 337 hominem
767 301 921 337 cunctis
947 301 1218 338 animantibus
1245 313 1379 338 unum.

236 367 352 404 saepe
376 357 495 393 etiam
518 356 704 392 morbosa
726 362 853 393 aestas
877 362 914 393 et
938 356 1107 405 pestifer
1131 368 1259 394 annus

237 412 387 461 ingruit
411 418 448 448 et
471 413 619 460 passim
642 412 840 461 languens
863 424 983 461 pecus
1007 425 1124 450 omne
1148 425 1217 461 per
1242 425 1339 450 arva
1553 415 1626 451 160

236 469 451 513 sternitur;
477 469 696 505 exstinctae
718 468 813 505 dum
837 468 947 506 balat
970 469 1020 506 ad
1042 469 1165 506 ubera
1187 469 1337 515 matris,

236 535 364 572 agnus
385 524 480 569 obit,
503 525 672 561 moritur
693 524 795 561 duro
817 525 888 562 sub
911 525 1087 573 pondere
1108 531 1257 562 taurus.

237 591 308 616 nec
328 579 471 617 modus
493 586 549 617 est
571 581 722 625 morbo,
745 592 826 617 non
848 587 905 617 est
926 580 1127 618 medicina
1147 592 1312 626 veneno,

237 636 305 673 sed
331 637 465 673 vicina
489 636 631 673 domus
657 637 787 674 vicino
816 649 837 673 a
865 637 1002 674 limine
1028 643 1197 674 mortem

236 691 370 729 haurit
393 698 431 729 et
455 692 610 729 assidue
635 699 796 730 sumunt
821 694 1009 742 contagia
1033 694 1147 730 vires.

238 749 313 786 ista
337 748 445 785 feras
469 761 559 786 raro
584 749 706 797 pestis
729 749 847 797 rapit,
872 749 972 786 utile
997 760 1151 797 semper

237 804 318 841 fert
342 815 487 853 pecus;
515 805 731 841 exstinctas
756 805 892 842 caulas
915 805 1132 854 epulantur
1156 806 1281 843 atroci

237 860 356 898 dente
382 860 468 909 lupi
495 867 710 910 nostraque
738 860 847 898 ferae
875 862 1028 898 iactura
1055 861 1304 909 opulescunt.

294 917 338 955 C.
373 916 480 960 Heu,
502 917 578 954 lieu
601 929 721 966 quam
742 929 933 966 praeceps
953 918 1140 955 miserum
1163 930 1224 955 me
1247 918 1401 954 insania
1425 918 1570 964 traxit;

238 973 398 1010 credere
424 973 565 1010 fallaci
593 974 725 1022 gravis
750 980 807 1010 est
832 973 1033 1010 dementia
1058 973 1203 1010 famae.
1556 974 1630 1011 170

238 1029 458 1066 Romuleos
485 1029 619 1070 colles,
648 1030 829 1066 Tiberim
857 1030 1120 1079 Romanaque
1147 1035 1249 1067 tecta

238 1085 444 1122 audieram
469 1092 505 1122 et
530 1085 663 1122 studio
686 1098 797 1122 mens
821 1092 877 1122 est
902 1097 1070 1123 accensa
1092 1085 1256 1123 videndi

238 1141 491 1191 ducendique
517 1141 632 1179 bonis
656 1142 695 1178 in
722 1147 781 1179 tot
805 1142 1102 1190 praestantibus
1128 1154 1280 1179 aevum.

239 1198 384 1235 accessi
408 1209 498 1234 cum
522 1203 635 1246 parte
661 1198 804 1246 gregis,
830 1198 1002 1235 tentoria
1027 1197 1200 1238 demens,

239 1261 367 1291 totum
389 1265 514 1302 paene
536 1254 660 1290 larem
682 1266 773 1291 cum
794 1254 1064 1303 pastoralibus
1086 1255 1207 1291 armis

239 1317 350 1347 trans
372 1310 466 1359 iuga
490 1322 644 1347 summa
667 1310 754 1351 tuli,
778 1310 1025 1355 mulctraria,
1051 1310 1218 1358 cymbia,
1244 1312 1343 1347 aena

240 1372 277 1403 et
301 1367 468 1403 cacabos
494 1373 530 1403 et
556 1378 635 1415 quo
660 1365 861 1403 formatur
887 1377 1022 1403 caseus
1047 1366 1183 1403 orbem

242 1422 474 1471 fagineum;
505 1423 723 1470 impensam
752 1428 870 1471 atque
895 1434 1037 1471 operas
1063 1423 1268 1459 amisimus
1293 1433 1439 1459 omnes.

239 1479 336 1527 quid
366 1478 542 1515 faciam?
600 1491 679 1527 quo
707 1491 767 1515 me
795 1478 975 1515 vertam?
1034 1484 1193 1527 sperata
1221 1484 1418 1527 negantur

241 1534 391 1583 pabula
406 1547 414 1581 ;
442 1541 500 1572 tot
526 1546 651 1579 casus,
679 1540 736 1571 tot
760 1534 907 1584 ubique
933 1534 1123 1583 pericula.
1184 1545 1307 1583 cogor
1558 1535 1632 1571 180

241 1592 281 1627 in
305 1597 455 1628 veteres
478 1603 653 1628 remeare
676 1602 787 1628 casas
809 1596 847 1628 et
870 1596 1013 1639 coepta
1037 1590 1156 1627 fateri

240 1647 418 1684 consiliis
441 1659 599 1695 egressa
619 1647 737 1684 malis
762 1648 984 1695 iterumque
1009 1658 1078 1695 per
1102 1652 1232 1683 aestus

241 1709 278 1740 et
301 1710 493 1741 montana
516 1703 600 1751 pati
626 1703 768 1751 longos
792 1715 862 1751 per
886 1715 983 1740 saxa
1006 1703 1173 1740 labores.

242 1760 318 1797 heu
340 1771 461 1808 pecus
483 1759 640 1802 infelix,
661 1771 684 1796 o
709 1760 823 1796 laevo
846 1759 973 1797 sidere
996 1764 1132 1807 pastor

242 1816 319 1853 huc
342 1821 488 1852 avecte.
550 1815 630 1852 fuit
652 1815 780 1852 multo
805 1816 1074 1863 praestantius
1100 1814 1203 1852 istud

243 1873 446 1919 ignorasse
472 1871 600 1909 solum
628 1872 839 1920 patrioque
867 1872 905 1907 in
933 1871 1071 1908 limine
1098 1877 1204 1908 tutos

242 1928 533 1976 consumpsisse
559 1927 654 1972 dies,
685 1927 829 1976 gelidis
856 1928 1030 1964 senuisse
1057 1927 1128 1964 sub
1156 1927 1282 1964 antris

243 1990 360 2032 atque
387 1984 486 2020 Padi
509 1984 659 2021 circum
684 1984 792 2032 ripas
816 1983 1025 2020 Athesisve
1050 1995 1120 2031 per
1144 1994 1262 2031 agros

243 2046 310 2077 aut
332 2040 401 2077 ubi
426 2052 495 2087 per
519 2039 666 2076 virides
690 2050 852 2087 campos
876 2046 914 2076 et
939 2051 1087 2088 pascua
1110 2045 1205 2076 nota

247 2096 423 2133 Mincius
449 2097 478 2132 it
504 2095 567 2132 vel
594 2108 673 2144 qua
699 2096 826 2133 vitreo
852 2101 964 2132 natat
990 2095 1138 2132 Abdua
1165 2106 1283 2132 cursu
1561 2095 1634 2131 190

243 2151 479 2193 consedisse,
506 2164 666 2200 gregem
690 2152 845 2200 pavisse
868 2151 1095 2189 salubribus
1117 2151 1262 2188 herbis.

296 2208 343 2245 F.
377 2209 437 2245 Te
460 2214 527 2245 tua
552 2208 780 2248 credulitas,
806 2213 844 2244 et
866 2219 928 2244 me
950 2219 1037 2244 mea
1062 2207 1173 2244 fallit
1197 2207 1239 2243 in
1260 2207 1391 2245 horas.

243 2264 325 2301 vidi
348 2276 421 2312 ego
443 2276 651 2312 supremae
672 2265 740 2313 qui
763 2263 1042 2312 prosperitatis
1063 2263 1263 2300 habebant

243 2320 430 2359 culmina.
458 2320 552 2357 dum
579 2320 744 2356 laudata
768 2325 921 2368 petunt,
948 2319 1136 2356 cecidisse
1161 2330 1232 2355 nec
1256 2330 1445 2368 umquam

245 2377 445 2413 emersisse
469 2376 610 2419 malis;
639 2375 739 2412 facit
764 2376 1010 2424 experientia
1034 2381 1182 2412 cautos

247 2433 284 2468 hi
313 2433 423 2481 prius
448 2431 660 2480 explorant
686 2438 721 2468 et
746 2443 826 2468 non
854 2431 1019 2468 laudata
1046 2438 1264 2479 sequuntur

244 2489 376 2526 omnia
392 2501 401 2537 ,ς
428 2488 547 2526 laude
571 2495 705 2525 carent
729 2500 829 2539 quae
854 2494 943 2524 sunt
967 2487 1145 2524 meliora.
1209 2486 1372 2523 fuerunt
