1798 2784
222 173 289 207 102
619 167 892 200 BAPTISTAE
916 167 1195 200 MANTUANI

563 359 798 398 ECLOGA
830 359 954 405 V111,
986 356 1250 404 RELIGIO,

533 483 600 514 DE
625 481 959 514 RUSTICORUM
984 479 1282 512 RELIGIONE.

641 604 871 634 CANDIDUS.
985 602 1172 631 ALPHUS.

270 709 315 747 C.
349 708 533 746 Horrida
557 707 730 746 solstitio
755 706 877 745 tellus
902 706 998 752 sitit,
1026 705 1173 755 Alphe,
1200 715 1382 751 reverso;

214 765 264 802 ad
290 765 429 803 solitos
451 770 618 810 montes,
642 763 713 801 ubi
735 775 800 801 ros
823 763 864 800 in
891 762 1070 812 gramine
1095 767 1133 799 et
1156 767 1284 799 aestas

213 822 358 867 mitior,
383 821 482 858 haec
505 826 687 857 armenta
708 825 844 857 monet
867 818 1065 856 deducere
1087 824 1255 866 tempus.

268 878 316 914 Α.
349 877 491 915 Aerios
513 882 669 928 montes
692 881 730 913 et
754 886 910 912 summa
932 874 1142 911 cacumina
1163 873 1284 922 longe

214 933 440 982 prospicio,
464 932 560 982 quid
583 933 663 969 sint
683 937 839 970 montes
868 930 962 979 (tibi
983 941 1078 967 vera
1099 927 1281 977 fatebor)

215 989 357 1035 nescio,
383 1000 537 1037 semper
560 989 666 1025 enirn
689 987 929 1036 campestria
951 997 1047 1023 rura
1068 985 1259 1034 lacusque

214 1045 376 1083 incolui.
435 1051 651 1083 montanus
673 1055 767 1093 ager
790 1055 870 1093 qua
890 1042 1011 1092 fruge
1033 1040 1261 1079 redundat?

271 1101 304 1139 C
308 1132 315 1139 .
349 1100 384 1139 O
408 1100 506 1138 rude
529 1106 566 1138 et
588 1099 802 1149 illepidum
824 1098 1042 1148 ingenium.
1102 1108 1228 1146 prope
1249 1095 1415 1134 flumina
1436 1106 1589 1143 semper

215 1164 393 1195 versatus
419 1157 570 1194 fulicae
596 1157 637 1193 in
659 1167 812 1194 morem
836 1155 980 1192 limosa
1003 1165 1073 1203 per
1098 1165 1206 1199 arva,

213 1220 306 1251 sunt
326 1214 395 1251 ubi
416 1225 617 1258 ranarum,
641 1212 828 1257 culicum,
851 1210 1032 1260 pulicum
1053 1210 1317 1258 cimicumque
1559 1208 1603 1243 10

215 1271 353 1315 lustra,
378 1270 481 1307 inter
505 1268 656 1314 salices,
680 1268 797 1306 ulvas
820 1266 1047 1316 viridesque
1070 1277 1257 1315 papyros,

215 1326 381 1363 irridere
405 1325 527 1362 audes
552 1331 590 1362 et
615 1324 734 1361 nauci
758 1323 933 1372 pendere
954 1327 1121 1360 montes.

214 1382 320 1420 unde
343 1381 473 1419 fluunt
497 1381 658 1418 amnes?
716 1379 878 1428 templis
901 1379 971 1416 ubi
994 1383 1108 1415 tanta
1131 1376 1314 1416 locandis

214 1450 416 1476 marmora
443 1437 692 1475 caeduntur?
750 1435 916 1484 fulgens
942 1434 1011 1472 ubi
1039 1434 1218 1471 nascitur
1245 1433 1414 1470 aurum?

215 1506 315 1544 quae
342 1494 449 1543 parit
475 1499 683 1530 antemnas
711 1491 858 1529 tellus?
915 1489 1163 1528 medicamen
1192 1489 1240 1527 ab
1267 1488 1413 1535 herbis,

215 1551 291 1597 dic,
316 1550 460 1599 quibus
483 1555 541 1586 est
563 1549 640 1585 nisi
662 1547 892 1585 montanis?
950 1546 999 1583 de
1022 1546 1169 1583 vertice
1195 1544 1315 1582 Baldi

215 1618 331 1655 saepe
353 1605 654 1654 melampodion
679 1604 784 1653 legi,
810 1603 1012 1640 medicina
1036 1601 1202 1650 capellis

215 1663 330 1700 nulla
351 1663 480 1711 magis
504 1672 702 1710 praesens.
762 1658 967 1709 quondam
991 1657 1227 1695 Valsasinus
1250 1657 1395 1706 Aegon

217 1718 384 1756 tradidit
408 1718 496 1763 hoc,
523 1717 619 1754 dum
644 1728 735 1754 vere
760 1726 848 1752 sues
873 1720 1066 1752 castraret
1091 1719 1129 1751 et
1154 1724 1303 1762 agnos;

216 1774 384 1812 tradidit
408 1780 446 1811 et
469 1773 585 1819 dixit,
614 1773 621 1788 ‘
640 1773 748 1810 solus
770 1771 1020 1808 medicamen
1043 1769 1215 1807 habet0.’
1554 1768 1605 1804 20

215 1831 292 1877 dic,
317 1831 387 1868 ubi
413 1836 620 1867 castaneae
646 1828 809 1877 plures?
866 1827 935 1864 ubi
960 1826 1077 1874 copia
1100 1826 1228 1863 maior

217 1886 404 1936 glandis?
462 1886 503 1922 in
525 1885 691 1922 excelsis
713 1883 848 1922 fontes
869 1888 906 1920 et
928 1893 1078 1931 pascua
1097 1880 1183 1919 vidi

214 1942 429 1988 montibus,
457 1947 656 1979 artocreas
682 1946 720 1977 et
746 1940 895 1988 pingue
922 1938 1087 1987 polenta
1113 1936 1279 1975 comedi.

215 2004 307 2037 sunt
329 1997 472 2047 populi
497 1996 622 2035 fortes
647 1996 744 2033 illic.
804 1995 967 2032 robusta
992 1994 1178 2031 iuventus

215 2055 301 2093 lata
323 2054 456 2103 pedes,
483 2053 634 2091 callosa
656 2063 826 2097 umeros,
851 2060 1022 2088 nervosa
1045 2049 1229 2095 lacertos,

216 2110 388 2159 hispida,
413 2109 515 2147 dura
538 2120 692 2153 manus,
717 2107 816 2145 moli
840 2105 1044 2143 indefessa
1068 2104 1260 2142 ferendae

216 2167 391 2205 vallibus
417 2178 465 2203 ex
493 2165 587 2211 illis,
616 2175 739 2202 onera
762 2169 806 2200 ut
831 2161 995 2200 navalia
1021 2167 1144 2207 curet,

215 2222 380 2261 confluit
402 2222 492 2260 huc.
545 2220 704 2258 nullum
727 2225 785 2257 est
806 2218 1014 2257 hominum
1039 2228 1163 2267 genus
1187 2217 1320 2265 aptius
1344 2216 1444 2261 urbi,

216 2281 298 2318 sive
318 2279 418 2316 velis
437 2284 612 2315 castrare
632 2287 764 2325 pecus,
786 2286 855 2312 seu
875 2273 1056 2311 scindere
1077 2272 1208 2322 fagos

215 2337 298 2373 sive
319 2334 457 2372 fimum
479 2333 579 2371 ferri
599 2344 619 2370 e
639 2331 820 2376 stabulis,
841 2330 1003 2368 haurire
1024 2328 1183 2367 cloacas
1553 2328 1604 2365 30

217 2392 463 2440 latrinasque
487 2400 627 2427 curare
647 2388 834 2436 viamque
857 2385 1013 2435 aperire
1035 2384 1185 2422 coactis

218 2447 402 2486 sordibus
426 2453 463 2483 et
488 2444 606 2482 scalis
633 2449 773 2493 puteos
797 2441 1037 2479 descendere
1062 2441 1103 2477 in
1128 2440 1256 2486 altos;

218 2504 378 2553 ingenio
404 2502 553 2539 callent
578 2507 615 2538 et
638 2499 740 2537 duro
764 2498 906 2536 robore
930 2497 1097 2547 pollent.
