1778 2804
0 1442 104 1492 irat.

652 194 846 226 ECLOGA
875 194 940 225 IX.
968 202 1043 233 1-74

152 300 259 336 victa
284 299 380 344 sitis,
408 310 520 336 mens
544 309 665 347 aegra
689 302 823 334 manet
849 308 1046 346 curaeque
1072 300 1296 344 supersunt.

207 355 253 392 F.
288 355 347 392 Ut
370 354 508 392 sedata
530 355 627 399 sitis,
652 354 708 390 sic
730 365 843 391 mens
864 352 1069 389 sedabitur
1092 364 1224 401 aegra.

153 411 280 449 funde
302 423 466 456 merum,
490 411 605 458 bibe;
631 409 816 447 cardiaco
839 409 1039 446 medicina
1063 408 1194 446 dolori
1219 408 1327 447 haec.

153 469 279 505 utitur
302 468 353 504 ad
375 479 489 504 curas
513 468 588 504 isto
610 466 873 503 medicamine
897 466 1039 502 Roma.

211 524 254 561 C.
289 523 419 561 Omne
444 534 543 571 opus
569 528 687 571 atque
712 522 826 559 labor
850 521 938 558 vult
964 520 1203 567 intervalla3
1233 520 1409 568 quiescat

153 580 257 617 obba
280 592 435 628 parum,
462 585 602 616 contra
623 589 779 616 muscas
804 578 965 626 impone
991 577 1195 614 tabellam.

154 649 233 674 non
255 636 390 673 madet
410 636 536 672 imbre
558 635 641 672 dies
662 646 735 671 nec
755 634 876 671 habet
896 645 976 670 nox
997 633 1135 670 umida
1157 644 1287 669 rorem

155 704 328 729 crescere
351 703 424 729 nec
447 691 558 728 duris
582 696 748 739 possunt
774 691 815 726 in
840 690 994 726 cotibus
1018 689 1176 725 herbae.

154 750 387 797 importuna
413 747 552 793 fames,
582 747 696 784 labor
725 746 942 794 improbus,
971 746 1071 782 aeris
1100 744 1220 781 ardor

154 804 364 842 confecere
389 816 550 853 gregem
573 804 699 840 macie
714 815 723 849 3
749 803 818 838 vix
841 802 973 838 debile
998 813 1143 849 corpus

154 862 319 909 spiritus
341 872 458 909 aeger
482 860 578 909 agit,
603 871 729 896 vacua
751 865 840 895 cute
863 858 1036 906 porrigit
1058 869 1147 894 ossa

155 917 284 954 clunis
311 923 349 953 et
374 916 489 953 exilis
515 928 613 953 cava
638 915 840 952 contrahit
866 914 938 951 ilia
960 919 1110 950 venter.

155 974 220 1010 hic
243 974 343 1010 aries
367 973 435 1022 qui
460 972 595 1009 fronte
618 971 735 1019 lupos
759 982 962 1019 cornuque
986 970 1144 1018 petebat

156 1041 262 1066 nunc
288 1041 360 1067 ove
384 1028 556 1066 debilior
581 1027 808 1076 pavidoque
836 1026 1022 1075 fugacior
1049 1037 1152 1074 agno
1181 1031 1249 1061 est.

157 1086 253 1122 haec
279 1085 378 1122 mihi
414 1084 503 1133 (sed
528 1084 697 1121 nimium
722 1095 785 1120 me
812 1082 995 1120 ardentia
1021 1088 1114 1118 vota
1143 1081 1348 1127 ferebant)

155 1143 291 1179 omnia
313 1141 452 1178 divino
476 1140 732 1189 praedixerat
755 1140 887 1177 omine
913 1138 1064 1175 cornix.

156 1199 224 1235 vix
246 1209 425 1247 egressus
449 1209 558 1234 eram
582 1196 716 1241 limen,
742 1207 832 1232 curn
856 1195 987 1232 tristia
1010 1199 1176 1242 portans

157 1255 327 1303 auguria
353 1266 377 1290 a
403 1253 546 1290 dextra
572 1253 681 1289 venit
708 1252 929 1300 tegetisque
957 1251 1141 1286 sinistrae

157 1311 330 1347 culmine
354 1309 533 1347 consedit
557 1320 770 1357 pressoque
794 1308 1003 1344 minaciter
1028 1318 1094 1344 ore

158 1366 386 1404 vociferans
411 1366 485 1402 iter
510 1365 689 1413 auspicio
716 1363 954 1412 prohibebat
979 1368 1129 1410 aperto.

158 1423 235 1460 heu
258 1434 379 1472 pecus
404 1421 562 1472 intelirss
589 1420 696 1470 quod
724 1421 826 1457 lacte
852 1425 889 1456 et
914 1419 1027 1468 prole
1053 1418 1207 1455 solebas

159 1479 326 1523 affluere,
353 1479 394 1514 in
417 1478 563 1515 nostris
588 1477 703 1513 licuit
727 1476 824 1513 dum
849 1487 1010 1524 pascere
1036 1474 1199 1522 campis,

160 1535 343 1584 gramina
363 1533 459 1572 dum
480 1534 648 1583 quaeris,
673 1533 756 1569 suci
778 1532 869 1581 plus
892 1526 1028 1580 perdis
1049 1530 1181 1568 eundo

159 1603 279 1640 quam
305 1590 457 1627 referas
484 1596 613 1639 pastu.
674 1589 792 1626 simul
818 1588 883 1624 hic
909 1588 1148 1625 tabescimus
1175 1586 1304 1625 ambo.

159 1655 203 1684 tu
225 1648 336 1684 tenui
358 1647 478 1690 victu,
505 1646 609 1683 curis
634 1657 707 1694 ego
732 1645 861 1681 victus
886 1644 1042 1681 amaris.

214 1704 261 1740 F.
294 1703 329 1741 O
354 1708 514 1741 nostrae
537 1702 711 1750 regionis
734 1712 842 1749 opes,
866 1713 889 1738 o
913 1699 1056 1737 florida
1079 1704 1206 1747 prata,

160 1773 182 1798 o
207 1760 339 1808 campi
363 1758 522 1801 virides,
549 1771 571 1796 o
596 1769 744 1806 pascua
768 1757 873 1793 laeta
898 1755 1093 1805 feraxque

160 1822 198 1853 et
226 1827 445 1864 numquam
472 1815 554 1852 sine
584 1814 703 1863 fruge
731 1813 873 1853 solum,
904 1813 1106 1849 currentia
1134 1811 1281 1859 passim

162 1871 326 1910 flumina
347 1883 416 1920 per
438 1871 568 1915 villas,
592 1871 668 1906 rivi
690 1881 761 1918 per
784 1881 887 1913 rura,
912 1880 983 1917 per
1004 1868 1152 1905 hortos

162 1929 254 1965 hinc
276 1939 408 1976 pecus,
432 1927 527 1964 hinc
549 1927 636 1975 agri
659 1927 853 1974 pingues;
880 1925 951 1962 sub
975 1924 1103 1961 sidere
1128 1923 1288 1964 Cancri,

162 1997 252 2022 cum
275 1984 420 2021 tritura
444 1989 558 2021 sonat
581 1983 741 2031 passim⁷
767 1993 858 2018 cum
883 1981 1011 2017 Iulius
1034 1979 1160 2025 ardet,

163 2053 260 2077 arva
284 2041 426 2085 virent,
453 2045 584 2076 textae
609 2038 719 2075 lento
744 2037 793 2074 de
818 2037 966 2073 vimine
992 2047 1127 2084 saepes

163 2109 283 2145 poma
309 2096 459 2141 ferunt,
487 2094 670 2132 redolent
695 2094 792 2142 ipsis
817 2094 858 2130 in
884 2092 1073 2141 vepribus
1098 2091 1256 2128 herbae.

220 2152 265 2190 C.
298 2152 334 2191 O
358 2163 565 2188 nemorum
587 2150 725 2187 dulces
746 2150 910 2186 umbrae
933 2148 1154 2196 mollesque
1177 2147 1339 2191 susurri,

163 2221 263 2258 quos
286 2215 418 2245 tecum
440 2207 605 2244 memini
630 2205 774 2255 gelidis
798 2205 991 2253 carpsisse
1016 2204 1087 2241 sub
1111 2204 1263 2240 umbris

163 2265 331 2302 turturis
355 2264 405 2301 ad
432 2264 613 2312 gemitus,
640 2262 691 2299 ad
714 2261 943 2298 hirundinis
968 2272 1014 2297 ac
1037 2260 1293 2309 philomenae

164 2321 354 2366 carmina,
381 2332 471 2357 cum
497 2320 637 2368 primis
663 2324 851 2355 resonant
878 2317 1041 2354 arbusta
1067 2316 1227 2353 cicadis.

165 2389 262 2414 aura
284 2382 463 2425 strepens
486 2375 598 2413 foliis
620 2386 828 2412 nemorum
851 2373 1034 2410 veniebat
1057 2372 1106 2409 ab
1132 2372 1241 2409 Euro

165 2439 204 2470 et
227 2433 373 2471 bacata
396 2443 515 2481 super
540 2430 730 2468 tendebat
753 2429 945 2467 bracchia
969 2440 1125 2466 cornus.

167 2490 250 2538 ipse
278 2488 363 2527 solo
391 2488 584 2525 recubans
612 2486 784 2535 pecudes
815 2486 959 2534 gestire
987 2484 1172 2521 videbam

167 2552 285 2595 atque
310 2545 462 2582 alacres
488 2544 633 2580 teneris
658 2542 804 2580 luctari
829 2541 1016 2578 cornibus
1042 2552 1178 2589 agnos.

1470 194 1540 230 109

1493 632 1544 667 40

1500 1191 1548 1229 50

1501 1753 1553 1790 60

1508 2315 1556 2351 70
