1798 2784
259 192 328 227 108
655 192 929 224 BAPTISTAE
953 193 1232 227 MANTUANI

654 349 885 387 ECLOGA
921 351 993 396 IX,
1026 352 1229 397 FALCO,

290 459 356 489 DE
385 460 613 492 MORIBUS
641 461 830 492 CURIAE
860 463 1120 496 ROMANAE.
1148 464 1269 495 POST
1299 465 1595 498 RELIGIONIS

787 518 1094 552 INGRESSUM.

638 641 898 669 FAUSTULUS.
1015 642 1242 671 CANDIDUS.

298 741 345 778 F.
379 741 575 787 Candide,
599 754 676 791 quo
700 755 794 780 casu
816 745 957 794 patriis
979 745 1120 793 procul
1143 752 1255 783 actus
1277 746 1327 796 ab
1347 747 1428 797 oris
1455 759 1656 801 4⁴·-10ff71‘3

246 797 341 833 haec
366 798 402 833 in
427 810 520 835 rura
544 799 681 835 venis?
739 799 804 836 hic
828 812 977 848 pascua
1000 801 1115 838 nulla
1135 813 1209 839 nec
1231 814 1366 839 amnes

244 865 316 890 nec
340 854 484 905 liquidi
508 854 642 903 fontes
666 867 737 892 nec
760 856 882 893 ovilia
907 863 994 894 tuta
1016 869 1089 894 nec
1111 858 1287 903 umbrae,

243 916 280 946 et
303 916 436 947 tamen
457 910 639 950 assiduos
662 913 794 961 gregis
814 912 912 949 haec
935 920 1154 962 pascuntur
1177 915 1217 950 in
1238 926 1344 952 usus.

300 966 344 1003 C.
380 966 582 1013 Faustule,
607 980 669 1004 me
694 975 827 1006 noster
853 968 1043 1018 Corydon
1077 970 1165 1019 (qui
1190 971 1365 1019 plurima
1390 971 1593 1021 quondam

243 1022 304 1059 his
326 1030 507 1060 armenta
529 1023 628 1061 locis
652 1024 793 1062 habuit
814 1037 1083 1076 magnamque
1107 1027 1239 1075 peculi

242 1080 469 1128 congeriem
493 1079 611 1128 fecit)
644 1082 779 1129 pecori
802 1093 863 1118 me
886 1082 1046 1119 credere
1070 1082 1205 1132 adegit

242 1146 323 1172 esse
346 1135 540 1173 salutares
564 1137 648 1174 istis
673 1138 712 1173 in
735 1138 937 1175 montibus
958 1138 1102 1175 herbas
1116 1151 1126 1186 ;

242 1198 282 1228 at
307 1198 520 1241 postquam
544 1204 684 1241 segnes
709 1205 827 1242 agros
851 1200 888 1231 et
914 1195 1057 1231 inertia
1083 1207 1177 1232 saxa

241 1247 415 1286 vidimus
441 1254 478 1285 et
505 1249 620 1285 siccis
647 1256 824 1286 arentem
851 1249 1034 1289 fontibus
1060 1251 1223 1297 undam,
1586 1254 1632 1290 10

240 1305 439 1352 paenituit
468 1304 693 1354 longaeque
722 1306 810 1343 viae
839 1307 1071 1356 patriaeque
1100 1307 1273 1345 relictae.

293 1360 341 1397 F.
377 1360 593 1410 Postquam
621 1368 657 1398 te
682 1362 923 1399 incolumem
950 1363 1075 1400 saltus
1102 1364 1251 1400 intrare
1277 1363 1443 1402 Latinos

240 1417 422 1466 contigit,
449 1418 603 1466 antiqui
628 1424 740 1466 potes
764 1418 862 1455 haec
885 1430 973 1456 mea
997 1425 1101 1470 tepta
1124 1419 1256 1475 subire
1316 1435 1412 1476 ο...]
1443 1440 1502 1471 (of

240 1472 324 1509 iure
348 1472 538 1510 sodalitii.
599 1480 691 1511 sunt
715 1474 780 1511 hic
804 1475 903 1511 mihi
928 1476 1117 1524 pauperis
1141 1477 1229 1525 agri

240 1529 379 1578 iugera
402 1540 529 1578 pauca
554 1542 663 1567 meae
688 1531 755 1567 vix
780 1530 1017 1568 sufficientia
1039 1532 1145 1568 vitae
1159 1544 1170 1579 3

239 1584 436 1635 quidquid
460 1585 500 1622 id
525 1592 582 1623 est
606 1598 815 1624 commune
839 1593 948 1636 puta.
963 1589 981 1597 *
1009 1588 1083 1624 tibi
1106 1587 1279 1626 forsitan
1304 1588 1388 1626 ulla

239 1652 431 1690 prospera
452 1654 536 1679 sors
557 1642 685 1679 aderit
699 1655 709 1690 3
737 1642 904 1680 fortuna
923 1644 1130 1682 simillima
1150 1650 1269 1682 vento
1291 1651 1359 1682 est.

238 1698 414 1735 cariceae
438 1698 604 1735 succede
627 1710 752 1756 casae,
776 1699 873 1736 dum
898 1700 1089 1748 praeterit
1112 1705 1255 1747 aestus,

237 1753 335 1791 dum
358 1766 453 1803 grex
479 1755 519 1791 in
543 1755 677 1804 gelida
699 1756 964 1804 procumbens
987 1756 1162 1793 ruminat
1184 1756 1337 1794 umbra.

236 1821 340 1858 pone
364 1810 523 1859 pedum,
547 1811 752 1848 discumbe
777 1823 930 1860 parum,
956 1812 1183 1849 recreabere
1207 1818 1305 1861 potu
1319 1825 1329 1860 ς
1578 1814 1627 1849 20

237 1873 336 1914 potu
359 1878 459 1916 opus
483 1873 552 1913 est,
579 1873 677 1916 potu
702 1868 773 1904 iste
799 1869 932 1916 gravis
956 1869 1222 1917 compescitur
1247 1875 1390 1906 aestus.

237 1922 384 1971 pocula
404 1923 555 1972 prende
570 1936 579 1971 3
605 1923 698 1960 fluet
720 1924 864 1961 melius
883 1931 973 1973 post
996 1925 1142 1973 pocula
1164 1936 1303 1963 sermo.

293 1978 339 2016 C.
372 1979 523 2017 Pocula
547 1981 635 2028 quis
661 1986 774 2016 tanta
797 1980 958 2017 demens
983 1987 1131 2018 aestate
1156 1981 1336 2018 recuset?

289 2034 336 2072 F.
369 2035 477 2072 Vina
499 2036 605 2072 sitim
629 2037 814 2073 minuunt
838 2036 1039 2085 animique
1063 2036 1271 2076 doloribus
1293 2037 1466 2083 obstant,

237 2092 329 2128 vina
351 2098 395 2128 ut
418 2092 614 2129 amicitias
636 2093 740 2128 vires
763 2093 820 2129 ita
842 2093 1020 2141 corporis
1043 2099 1203 2142 augent.

293 2147 337 2185 C.
371 2147 487 2185 Haec
508 2149 615 2197 parit
637 2160 707 2185 ora
727 2148 853 2186 bonos
883 2148 936 2197 (si
959 2149 1091 2197 patria
1112 2148 1226 2197 vina)
1256 2160 1444 2187 racemos.

289 2203 336 2240 F.
371 2203 511 2241 Funde
533 2204 701 2251 iterum,
727 2210 865 2252 potare
887 2204 1007 2241 semel
1030 2211 1200 2253 gustare,
1223 2204 1421 2242 secundus

235 2260 376 2297 colluit
399 2272 442 2297 os
463 2266 593 2308 potus,
618 2260 818 2297 calefacta
841 2259 1056 2309 refrigerat
1081 2272 1151 2298 ora

236 2316 387 2362 tertius,
420 2328 532 2353 arma
563 2317 627 2353 siti
658 2316 888 2365 bellumque
920 2316 1095 2353 indicere
1126 2323 1292 2366 quartus

234 2371 481 2421 aggreditur,
506 2373 669 2421 quintus
692 2378 859 2421 pugnat,
885 2372 1054 2409 victoria
1078 2373 1179 2409 sexti
1201 2379 1271 2418 est,
1572 2374 1624 2411 30

235 2429 426 2476 septimus
461 2427 705 2476 (Oenophili
731 2428 834 2465 senis
860 2428 958 2465 haec
983 2427 1188 2476 doctrina)
1225 2428 1458 2476 triumphat.

291 2483 335 2521 C.
370 2484 449 2521 Res
473 2490 530 2521 est
556 2483 734 2521 consiliis
758 2495 897 2521 secura
920 2483 1107 2521 fidelibus
1130 2485 1200 2529 uti,

235 2540 331 2577 utile
357 2540 552 2577 doctrinis
578 2540 766 2589 praebere
794 2539 985 2578 senilibus
1011 2552 1136 2577 aures.

1672 770 1770 799 1428‘
