1849 2845
651 232 844 263 ECLOGA
874 232 936 263 IV.
963 232 1113 271 239—V.
1138 242 1180 270 33
1560 232 1608 270 85

582 406 814 461 ECLOGA
847 424 894 464 v,
929 423 1250 469 CANDJDUS,

352 546 419 577 DE
448 546 845 578 CONSUETUDINE
871 546 1097 578 DIVITUM
1120 546 1251 577 ERGA
1280 545 1478 576 POETAS.

634 670 856 696 SILVANUS.
974 670 1201 696 CANDIDUS.

276 771 315 808 S.
351 772 545 815 Candide,
572 772 779 808 nobiscum
806 771 977 820 pecudes
1003 771 1221 820 aliquando
1248 771 1401 807 solebas

222 840 383 875 pascere
406 834 441 864 et
464 828 525 864 his
551 828 694 876 gelidis
717 828 891 864 calamos
917 827 1054 864 inflare
1078 828 1148 865 sub
1172 828 1322 864 umbris·

222 891 258 920 et
281 885 444 920 miscere
468 884 569 920 sales
591 884 709 920 simul
732 890 769 920 et
793 890 943 920 certare
966 883 1190 932 palaestra:

223 952 327 976 nunc
351 946 482 977 autem
507 941 618 989 quasi
643 946 820 988 pastores
845 947 881 976 et
907 952 999 976 rura
1022 952 1186 988 perosus

223 1008 369 1044 pascua
394 997 524 1044 sopito
549 996 659 1044 fugis
684 1003 721 1033 et
745 997 870 1033 trahis
895 997 976 1033 otia
1000 1003 1132 1032 cantu.

279 1052 323 1089 C.
358 1053 439 1089 Vos
463 1053 607 1101 quibus
629 1059 685 1089 est
709 1064 770 1088 res
794 1052 929 1100 ampla
953 1052 1074 1091 domi.
1101 1052 1244 1101 quibus
1269 1052 1389 1088 ubera
1414 1062 1558 1087 vaccae

223 1109 343 1156 plena
371 1109 519 1148 ferunt.
547 1109 689 1157 quibus
717 1109 808 1145 alba
837 1121 976 1157 greges
1001 1109 1234 1145 mulctraria
1263 1108 1478 1155 complent.

223 1165 378 1214 cymbia
404 1166 506 1201 lacte
532 1166 668 1201 nivent
694 1172 730 1201 et
756 1166 923 1213 pinguia
949 1164 1120 1213 prandia
1147 1164 1318 1203 fumant.

223 1222 399 1258 carmina
426 1221 623 1263 laudatis:
653 1222 683 1257 si
710 1221 805 1269 quid
833 1221 1068 1257 concinnius
1093 1221 1186 1259 exit.

223 1277 416 1325 plauditis
442 1289 486 1314 ac
512 1278 606 1313 laeti
634 1277 814 1325 placidas
840 1277 1054 1313 extenditis
1081 1289 1206 1313 aures.
1567 1276 1613 1311 lO

223 1346 293 1381 pro
319 1335 494 1370 numeris
516 1346 639 1370 vanas
663 1333 801 1370 laudes
825 1340 861 1369 et
887 1333 1021 1369 inania
1045 1333 1165 1369 verba

223 1389 414 1435 redditis3
442 1391 591 1426 interea
616 1396 752 1438 pastor
778 1390 872 1429 sitit.
900 1389 1033 1427 esurit.
1061 1389 1180 1436 alget.

276 1446 315 1483 S.
350 1446 497 1483 Nonne
520 1452 632 1494 potes
655 1457 793 1482 curare
819 1457 957 1494 greges
981 1451 1017 1482 et
1041 1445 1173 1481 dicere
1196 1456 1343 1482 versus⁸

223 1514 313 1539 611111
334 1508 461 1546 vacat,
486 1508 523 1538 et
547 1503 687 1550 positis
710 1502 833 1538 vitam
858 1501 1065 1538 traducere
1090 1501 1221 1537 curis?

278 1559 322 1595 C.
358 1558 530 1595 Omnem
555 1570 718 1606 operam
745 1558 932 1606 gregibus
958 1564 1158 1606 pastorem
1186 1556 1416 1605 impendere
1443 1562 1612 1603 oportet,

223 1615 290 1660 ire,
318 1615 459 1656 redire,
488 1614 606 1662 lupos
633 1626 778 1653 arcere,
806 1614 982 1662 mapalia
1011 1626 1125 1662 saepe

223 1672 392 1720 cingere,
417 1672 585 1707 mercari
609 1671 745 1719 paleas
768 1677 805 1707 et
829 1670 990 1719 pabula,
1016 1671 1166 1707 victum

222 1739 433 1775 quaerere:
461 1727 518 1763 nil
545 1734 722 1775 superest
749 1727 815 1763 oti.
877 1726 1080 1763 laudabile
1106 1737 1266 1762 carmen

221 1795 378 1820 0111116111
401 1795 562 1831 operam
586 1790 792 1832 totumque
816 1789 948 1830 caput,
975 1782 1148 1822 Silvane,
1173 1782 1350 1830 requirit.

223 1839 374 1888 grande
397 1846 610 1888 utrumque
635 1851 735 1887 opus
759 1845 815 1875 est
840 1846 877 1875 et
902 1839 1048 1875 nostris
1073 1838 1224 1874 viribus
1250 1839 1390 1885 impar.
1564 1837 1614 1872 20

223 1907 313 1932 curn
337 1896 474 1937 cecini,
501 1896 615 1940 sitio:
643 1896 792 1931 sitienti
820 1895 965 1942 pocula
990 1907 1106 1931 nemo

223 1952 406 2000 porrigit.
468 1951 635 1988 irrident
663 1951 754 1987 alii:
789 1951 885 1987 ‘tibi
914 1950 1112 1998 paenula,'
1141 1950 1293 1994 dicunt,

225 2007 448 2053 ‘Candide‚
475 2008 582 2050 trita,
612 2019 715 2056 genu
741 2006 904 2047 nudum,
933 2007 1035 2055 riget
1061 2006 1221 2054 hispida
1247 2005 1396 2042 barba)

223 2065 301 2100 13111
325 2064 449 2100 silvae
474 2063 685 2111 implumes
708 2070 744 2100 et
768 2063 894 2099 hiems
918 2064 958 2098 in
981 2063 1184 2099 montibus
1209 2062 1341 2103 albet;

223 2122 384 2164 irascor,
411 2119 540 2163 doleo,
569 2119 769 2168 indignor.
832 2118 911 2155 fert
938 2119 1070 2156 omnia
1098 2119 1238 2159 victus,

223 2177 410 2213 lanitium
438 2175 623 2224 fetusque
651 2187 803 2217 mares3
834 2187 915 2212 non
942 2174 1151 2211 vendimus
1179 2186 1315 2223 agnas,

224 2232 302 2273 sed,
329 2233 421 2280 quia
447 2232 509 2268 lac
534 2238 715 2280 pascunt,
743 2232 936 2279 premitur
961 2230 1089 2274 1111111;
1115 2231 1237 2267 ubera
1264 2231 1425 2266 siccant.

224 2289 400 2336 paenitet
425 2288 587 2336 ingenii,
613 2288 645 2324 si
670 2287 766 2336 quid
791 2287 901 2332 mihi,
930 2287 1105 2335 paenitet
1131 2287 1239 2329 artis,

223 2345 400 2393 paenitet
423 2350 461 2380 et
484 2345 601 2389 vitae,
627 2349 841 2393 postquam
864 2343 961 2379 mihi
986 2343 1103 2385 nulla
1127 2342 1346 2379 secundant

225 2413 272 2437 ex
294 2406 351 2437 tot
376 2400 571 2436 sideribus
595 2406 690 2449 quot
715 2406 805 2438 sunt
831 2400 870 2435 in
895 2405 1010 2436 nocte
1036 2410 1184 2435 serena.
1564 2398 1614 2434 30

224 2456 416 2493 hactenus
450 2456 512 2503 (ut
538 2455 664 2503 nosti)
702 2457 825 2505 gratis
852 2455 1125 2501 cantavimu53
1156 2460 1264 2491 aetas

224 2512 364 2561 indiga
389 2524 609 2560 paucorum
634 2523 783 2548 merces
810 2511 914 2555 fuit3
943 2511 1070 2548 altera
1095 2511 1215 2559 longe

224 2568 406 2605 condicio
431 2568 529 2605 senii
553 2567 659 2616 quod
685 2579 790 2604 nunc
816 2568 942 2604 subit:
976 2568 1153 2604 omnium
1179 2579 1323 2615 egenos
