1798 2784
239 154 310 189 104
638 153 911 185 B.-1P7'JST.4E
936 154 1214 187 MANTUANI

233 265 303 290 nec
327 253 463 290 docuit
492 254 725 302 Nympham
753 267 823 292 nec
847 268 908 292 me
933 257 1131 305 quaesisse
1157 257 1354 295 recordor.

230 320 336 346 nunc
363 309 482 347 subiit
510 317 694 351 mentem,
722 322 812 348 cum
838 312 1045 360 religionis
1071 313 1214 350 oborta
1238 320 1295 350 est

230 366 391 406 mentio.
414 373 450 402 et
473 366 634 403 illarum
656 368 740 403 visa
761 375 817 404 est
839 367 937 404 mihi
959 369 1133 405 maxima
1154 369 1331 406 laudum.

286 422 330 458 C.
367 421 462 458 Non
483 430 566 458 erat
590 422 662 459 illa
688 423 817 471 Dryas
840 435 965 472 neque
990 424 1190 461 Libetliris
1212 436 1283 461 nec
1308 426 1458 467 Oreas:

230 484 391 514 venerat
417 490 436 514 e
462 479 572 515 caelo
599 478 796 526 Superum
824 479 993 527 Regina,
1022 481 1221 517 Tonantis

232 533 376 577 Mater,
404 534 611 570 anhelanti
636 546 774 583 pacem
801 535 933 572 latura
959 536 1152 573 iuventae.

229 589 322 626 huic
345 590 509 638 Tethys,
534 590 626 627 huic
649 590 757 627 alma
781 590 900 629 Ceres
924 591 1189 638 famulantur,
1214 599 1252 629 et
1275 593 1358 641 ipse

228 645 379 682 Aeolus
402 647 608 695 aequoreis
631 653 770 684 ventos
794 648 861 696 qui
888 647 1021 684 frenat
1048 649 1086 684 in
1113 649 1248 685 antris.

229 700 332 738 hanc
358 701 466 739 Deus
490 709 687 739 astrorum
714 702 891 740 flammas
915 715 1033 752 super
1058 710 1176 752 atque
1201 704 1382 741 volantes

228 757 333 794 Solis
358 769 489 806 equos,
518 769 640 807 supra
665 758 892 808 fulgentem
920 759 1193 808 Cassiopeiam

228 813 372 850 extulit
396 820 432 850 et
457 824 611 851 sacram
634 815 696 851 bis
719 827 813 852 seno
838 815 964 852 sidere
991 815 1166 853 frontem

228 870 353 906 cinxit
381 876 418 906 et
447 870 591 907 adiecit
619 871 754 908 subter
783 872 952 920 vestigia
980 872 1128 908 lunam.

281 926 329 962 Α.
365 925 560 971 Candide,
584 927 687 964 mira
710 927 820 964 canis
842 927 967 964 nullis
991 928 1218 976 pastoribus
1241 940 1430 978 umquam

227 983 400 1030 cognita.
461 982 557 1031 quid
585 983 766 1032 Tethys?
824 983 920 1032 quid
950 983 1113 1033 fulgens
1143 984 1402 1033 Cassiopeia?

227 1037 376 1075 Aeolus
399 1039 605 1088 aequoreis
628 1045 766 1077 ventos
789 1040 877 1088 quis
901 1039 1035 1077 frenat
1060 1041 1099 1076 in
1121 1041 1274 1077 antris?

226 1095 294 1143 qui
317 1100 408 1131 sunt
431 1093 537 1132 Solis
559 1095 678 1144 equi?
735 1107 882 1144 magna
907 1102 1025 1145 atque
1050 1097 1188 1146 ignota
1213 1108 1401 1133 recenses.

284 1150 328 1187 C.
361 1149 502 1188 Sidera
528 1158 619 1188 sunt
645 1152 805 1199 partim,
832 1153 979 1200 partim
1006 1158 1097 1189 sunt
1122 1153 1287 1189 numina
1313 1154 1454 1201 prisca.

226 1207 360 1243 omnia
383 1219 484 1256 quae
510 1207 656 1244 Pollux
679 1207 777 1244 mihi
802 1220 890 1245 cum
916 1215 1126 1253 narrasset,
1153 1209 1190 1244 in
1216 1208 1352 1245 aedem

225 1262 342 1299 duxit
366 1269 403 1299 et
431 1263 437 1277 ¹
457 1263 533 1300 ista
556 1275 666 1300 sacer
690 1263 845 1312 paries,’
872 1264 939 1309 ait,
967 1264 1128 1301 ‘omnia
1150 1264 1371 1302 monstrat.’

225 1319 356 1367 pictus
379 1325 463 1356 erat
486 1320 617 1367 paries
641 1320 765 1368 signis
789 1326 825 1356 et
851 1320 1024 1369 imagine
1046 1320 1186 1357 multa.

224 1375 359 1412 omnia
383 1387 465 1412 non
489 1376 653 1412 memini
687 1376 817 1423 (mens
843 1382 899 1412 est
925 1376 1024 1413 mihi
1048 1376 1213 1424 debilis)
1249 1377 1323 1413 ista

225 1432 292 1467 vix
317 1432 425 1468 tenui
450 1431 546 1468 dum
571 1443 687 1480 saepe
713 1433 846 1469 animo
871 1433 990 1469 volvo
1016 1439 1134 1481 atque
1159 1433 1346 1479 revolvo;

225 1499 340 1536 saepe
356 1487 564 1524 recordari
588 1487 852 1524 medicamine
877 1487 1024 1525 fortius
1047 1489 1167 1526 omni.

225 1544 301 1580 ista
328 1550 459 1591 potest
484 1544 603 1592 nigro
629 1544 831 1592 depellere
859 1544 1000 1581 nubila
1027 1544 1150 1590 caelo,

225 1600 300 1636 ista
322 1605 453 1648 potest
477 1601 590 1636 siccis
614 1599 755 1637 fluvios
779 1600 874 1637 dare
900 1599 1087 1648 frugibus
1112 1601 1267 1637 imbres

223 1667 314 1692 cum
337 1655 455 1700 volet,
482 1656 558 1692 ista
581 1667 706 1693 novos
729 1656 840 1693 duris
865 1657 1044 1693 emittere
1069 1657 1232 1704 campis,

224 1723 314 1748 curn
340 1711 459 1757 volet,
487 1713 650 1749 emissos
676 1712 823 1760 poterit
850 1713 1088 1761 restringere
1117 1712 1261 1749 fontes.

222 1769 290 1816 qui
313 1768 433 1805 modo
456 1774 548 1805 sunt
570 1768 724 1805 steriles
747 1774 785 1804 et
807 1768 906 1804 nudi
931 1769 1109 1817 gramine
1132 1769 1275 1816 campi,

223 1825 255 1860 si
276 1824 395 1870 volet,
418 1825 459 1860 in
481 1825 651 1872 pingues
672 1825 820 1872 poterit
842 1830 1072 1861 convertere
1096 1824 1268 1873 glaebas.

223 1879 379 1928 frigida
406 1879 569 1917 Saturni
598 1892 687 1916 cum
716 1880 847 1916 sidera
875 1880 1041 1928 suscipit
1068 1886 1155 1917 atro

223 1936 413 1984 Scorpius
436 1936 623 1984 hospitio,
649 1947 730 1973 non
755 1935 911 1972 auferet
936 1936 1087 1973 hordea
1113 1936 1267 1984 grando

222 2003 294 2029 nee
319 1991 462 2030 domus
485 1991 642 2029 ardebit
675 1991 789 2040 (nam
815 1998 910 2029 tunc
935 1992 1033 2029 haec
1057 1993 1192 2030 omnia
1216 1992 1371 2029 caelum

222 2047 370 2085 dicitur
394 2048 506 2084 iratis
529 2049 571 2084 in
595 2054 742 2084 terram
765 2047 972 2084 effundere
996 2048 1045 2085 ab
1071 2048 1208 2096 astris)

221 2105 254 2140 si
281 2104 400 2145 volet,
429 2104 525 2140 baec
552 2104 666 2141 nobis
694 2103 891 2141 custodiet
917 2104 1050 2141 omnia
1076 2105 1202 2153 virgo.

221 2161 254 2196 si
275 2159 386 2197 favet
410 2160 506 2197 baec
527 2160 653 2204 nobis
679 2160 937 2208 complebunt
961 2160 1103 2197 horrea
1126 2173 1269 2196 inesses

221 2215 445 2265 adicietque
469 2217 579 2264 gregi
603 2227 756 2263 semper
779 2215 915 2252 fetura
936 2216 1138 2264 gemellos.

221 2273 253 2308 si
279 2284 398 2320 pecus
423 2271 568 2308 infelix
593 2273 665 2308 erit
691 2279 728 2308 et
753 2273 836 2308 sine
861 2272 1020 2316 vellere,
1047 2272 1132 2309 solo

222 2329 309 2376 ipsa
331 2334 459 2376 potest
482 2334 582 2364 nutu
604 2327 699 2364 dare
722 2327 796 2367 lac,
821 2327 916 2364 dare
939 2327 1090 2364 vellera
1110 2334 1147 2364 et
1169 2340 1295 2376 agnos

220 2391 257 2420 et
281 2396 420 2421 curare
445 2395 584 2432 greges
607 2395 842 2432 omnemque
866 2390 1043 2420 avertere
1067 2384 1261 2420 morbum.

220 2440 278 2476 nil
300 2451 400 2488 opus
419 2446 476 2476 est
496 2439 615 2476 modo
638 2440 748 2475 Pana
768 2440 877 2488 sequi
901 2451 1026 2488 neque
1045 2446 1177 2476 cetera
1196 2441 1298 2476 ruris

221 2497 387 2534 numina
411 2507 511 2545 quae
537 2502 686 2532 veteres
714 2494 866 2532 frustra
891 2495 1060 2532 coluisse
1087 2494 1285 2532 feruntur.

1567 539 1618 575 80

1565 1098 1616 1134 90

1542 1658 1614 1693 100

1538 2218 1611 2253 110
